@ARTICLE{ali_et_al_2015,
   author = {{Ali}, Z.~S. and {Parsons}, A.~R. and {Zheng}, H. and {Pober}, J.~C. and 
	{Liu}, A. and {Aguirre}, J.~E. and {Bradley}, R.~F. and {Bernardi}, G. and 
	{Carilli}, C.~L. and {Cheng}, C. and {DeBoer}, D.~R. and {Dexter}, M.~R. and 
	{Grobbelaar}, J. and {Horrell}, J. and {Jacobs}, D.~C. and {Klima}, P. and 
	{MacMahon}, D.~H.~E. and {Maree}, M. and {Moore}, D.~F. and 
	{Razavi}, N. and {Stefan}, I.~I. and {Walbrugh}, W.~P. and {Walker}, A.
	},
    title = "{PAPER-64 Constraints on Reionization: The 21 cm Power Spectrum at z = 8.4}",
  journal = {\apj},
archivePrefix = "arXiv",
   eprint = {1502.06016},
 keywords = {cosmology: observations, dark ages, reionization, first stars, early universe, instrumentation: interferometers, intergalactic medium},
     year = 2015,
    month = aug,
   volume = 809,
      eid = {61},
    pages = {61},
      doi = {10.1088/0004-637X/809/1/61},
   adsurl = {http://adsabs.harvard.edu/abs/2015ApJ...809...61A},
  adsnote = {Provided by the SAO/NASA Astrophysics Data System}
}

@ARTICLE{alvarez_and_abel_2012,
   author = {{Alvarez}, M.~A. and {Abel}, T.},
    title = "{The Effect of Absorption Systems on Cosmic Reionization}",
  journal = {\apj},
archivePrefix = "arXiv",
   eprint = {1003.6132},
 primaryClass = "astro-ph.CO",
 keywords = {cosmology: theory, dark ages, reionization, first stars, intergalactic medium},
     year = 2012,
    month = mar,
   volume = 747,
      eid = {126},
    pages = {126},
      doi = {10.1088/0004-637X/747/2/126},
   adsurl = {http://adsabs.harvard.edu/abs/2012ApJ...747..126A},
  adsnote = {Provided by the SAO/NASA Astrophysics Data System}
}

@ARTICLE{anderson_et_al_2013,
   author = {{Anderson}, L. and {Aubourg}, E. and {Bailey}, S. and {Beutler}, F. and 
	{Bolton}, A.~S. and {Brinkmann}, J. and {Brownstein}, J.~R. and 
	{Chuang}, C.-H. and {Cuesta}, A.~J. and {Dawson}, K.~S. and 
	{Eisenstein}, D.~J. and {Honscheid}, K. and {Kazin}, E.~A. and 
	{Kirkby}, D. and {Manera}, M. and {McBride}, C.~K. and {Mena}, O. and 
	{Nichol}, R.~C. and {Olmstead}, M.~D. and {Padmanabhan}, N. and 
	{Palanque-Delabrouille}, N. and {Percival}, W.~J. and {Prada}, F. and 
	{Ross}, A.~J. and {Ross}, N.~P. and {Sanchez}, A.~G. and {Samushia}, L. and 
	{Schlegel}, D.~J. and {Schneider}, D.~P. and {Seo}, H.-J. and 
	{Strauss}, M.~A. and {Thomas}, D. and {Tinker}, J.~L. and {Tojeiro}, R. and 
	{Verde}, L. and {Weinberg}, D.~H. and {Xu}, X. and {Yeche}, C.
	},
    title = "{The clustering of galaxies in the SDSS-III Baryon Oscillation Spectroscopic Survey: Measuring D\_A and H at z=0.57 from the Baryon Acoustic Peak in the Data Release 9 Spectroscopic Galaxy Sample}",
  journal = {ArXiv e-prints},
archivePrefix = "arXiv",
   eprint = {1303.4666},
 primaryClass = "astro-ph.CO",
 keywords = {Astrophysics - Cosmology and Extragalactic Astrophysics},
     year = 2013,
    month = mar,
   adsurl = {http://adsabs.harvard.edu/abs/2013arXiv1303.4666A},
  adsnote = {Provided by the SAO/NASA Astrophysics Data System}
}

@ARTICLE{ansari_et_al_2012a,
   author = {{Ansari}, R. and {Campagne}, J.-E. and {Colom}, P. and {Magneville}, C. and 
	{Martin}, J.-M. and {Moniez}, M. and {Rich}, J. and {Y{\`e}che}, C.
	},
    title = "{BAORadio: A digital pipeline for radio interferometry and 21 cm mapping of large scale structures}",
  journal = {Comptes Rendus Physique},
archivePrefix = "arXiv",
   eprint = {1209.3266},
 primaryClass = "astro-ph.CO",
 keywords = {Cosmology, Dark energy, 21 cm radio interferometry, Cosmologie, {\'E}nergie noire, Radio-interf{\'e}rom{\'e}trie {\`a} 21 cm},
     year = 2012,
    month = jan,
   volume = 13,
    pages = {46-53},
      doi = {10.1016/j.crhy.2011.11.003},
   adsurl = {http://adsabs.harvard.edu/abs/2012CRPhy..13...46A},
  adsnote = {Provided by the SAO/NASA Astrophysics Data System}
}

@ARTICLE{ansari_et_al_2012b,
   author = {{Ansari}, R. and {Campagne}, J.~E. and {Colom}, P. and {Le Goff}, J.~M. and 
	{Magneville}, C. and {Martin}, J.~M. and {Moniez}, M. and {Rich}, J. and 
	{Y{\`e}che}, C.},
    title = "{21 cm observation of large-scale structures at z \~{} 1. Instrument sensitivity and foreground subtraction}",
  journal = {\aap},
archivePrefix = "arXiv",
   eprint = {1108.1474},
 primaryClass = "astro-ph.CO",
 keywords = {large-scale structure of Universe, dark energy, instrumentation: interferometers, radio lines: galaxies, radio continuum: general},
     year = 2012,
    month = apr,
   volume = 540,
      eid = {A129},
    pages = {A129},
      doi = {10.1051/0004-6361/201117837},
   adsurl = {http://adsabs.harvard.edu/abs/2012A%26A...540A.129A},
  adsnote = {Provided by the SAO/NASA Astrophysics Data System}
}

@article{armstrong_and_thompson_2003,
	Author = {{Armstrong}, E. and {Thompson}, K.},
	Date-Added = {2016-01-29 19:44:57 +0000},
	Date-Modified = {2016-01-29 19:46:02 +0000},
	Journal = {Journal of Women and Minorities in Science and Engineering},
	Pages = {159},
	Title = {{Strategies for Increasing Minorities in the Sciences: A University of Maryland, College Park Model}},
	Volume = {9},
	Year = {2003}}

@book{astro2010,
	Author = {{{Committee for a Decadal Survey of A\&A; NRC}}},
	Publisher = {Natl. Academies Press},
	Title = {New Worlds, New Horizons in Astronomy and Astrophysics},
	Year = 2010}

@ARTICLE{barkana_and_loeb_2007,
   author = {{Barkana}, R. and {Loeb}, A.},
    title = "{The physics and early history of the intergalactic medium}",
  journal = {Reports on Progress in Physics},
   eprint = {arXiv:astro-ph/0611541},
     year = 2007,
    month = apr,
   volume = 70,
    pages = {627-657},
      doi = {10.1088/0034-4885/70/4/R02},
   adsurl = {http://adsabs.harvard.edu/abs/2007RPPh...70..627B},
  adsnote = {Provided by the SAO/NASA Astrophysics Data System}
}

@ARTICLE{barry_et_al_2016,
   author = {{Barry}, N. and {Hazelton}, B. and {Sullivan}, I. and {Morales}, M.~F. and 
	{Pober}, J.~C.},
    title = "{Calibration Requirements for Detecting the 21 cm Epoch of Reionization Power Spectrum and Implications for the SKA}",
  journal = {ArXiv e-prints},
archivePrefix = "arXiv",
   eprint = {1603.00607},
 primaryClass = "astro-ph.IM",
 keywords = {Astrophysics - Instrumentation and Methods for Astrophysics, Astrophysics - Cosmology and Nongalactic Astrophysics},
     year = 2016,
    month = mar,
   adsurl = {http://adsabs.harvard.edu/abs/2016arXiv160300607B},
  adsnote = {Provided by the SAO/NASA Astrophysics Data System}
}

@ARTICLE{battye_et_al_2013,
   author = {{Battye}, R.~A. and {Browne}, I.~W.~A. and {Dickinson}, C. and 
	{Heron}, G. and {Maffei}, B. and {Pourtsidou}, A.},
    title = "{H I intensity mapping: a single dish approach}",
  journal = {\mnras},
archivePrefix = "arXiv",
   eprint = {1209.0343},
 primaryClass = "astro-ph.CO",
 keywords = {cosmology: observations, cosmology: theory},
     year = 2013,
    month = sep,
   volume = 434,
    pages = {1239-1256},
      doi = {10.1093/mnras/stt1082},
   adsurl = {http://adsabs.harvard.edu/abs/2013MNRAS.434.1239B},
  adsnote = {Provided by the SAO/NASA Astrophysics Data System}
}

@PhdThesis{beardsley_thesis,
           title = "{The Murchison Widefield Array 21cm Epoch of Reionization Experiment: Design, Construction, and First Season Results}",
          author = "Adam Beardsley",
          school = "University of Washington",
           month = may,
            year = "2015",
}

@ARTICLE{beardsley_et_al_2012,
   author = {{Beardsley}, A.~P. and {Hazelton}, B.~J. and {Morales}, M.~F. and 
	{Capallo}, R.~J. and {Goeke}, R. and {Emrich}, D. and {Lonsdale}, C.~J. and 
	{Arcus}, W. and {Barnes}, D. and {Bernardi}, G. and {Bowman}, J.~D. and 
	{Bunton}, J.~D. and {Corey}, B.~E. and {Deshpande}, A. and {deSouza}, L. and 
	{Gaensler}, B.~M. and {Greenhill}, L.~J. and {Herne}, D. and 
	{Hewitt}, J.~N. and {Kaplan}, D.~L. and {Kasper}, J.~C. and 
	{Kincaid}, B.~B. and {Koenig}, R. and {Kratzenberg}, E. and 
	{Lynch}, M.~J. and {McWhirter}, S.~R. and {Mitchell}, D.~A. and 
	{Morgan}, E. and {Oberoi}, D. and {Ord}, S.~M. and {Pathikulangara}, J. and 
	{Prabu}, T. and {Remillard}, R.~A. and {Rogers}, A.~E.~E. and 
	{Roshi}, A. and {Salah}, J.~E. and {Sault}, R.~J. and {Shankar}, N.~U. and 
	{Srivani}, K.~S. and {Stevens}, J. and {Subrahmanyan}, R. and 
	{Tingay}, S.~J. and {Wayth}, R.~B. and {Waterson}, M. and {Webster}, R.~L. and 
	{Whitney}, A.~R. and {Williams}, A. and {Williams}, C.~L. and 
	{Wyithe}, J.~S.~B.},
    title = "{A new layout optimization technique for interferometric arrays, applied to the Murchison Widefield Array}",
  journal = {\mnras},
archivePrefix = "arXiv",
   eprint = {1203.1293},
 primaryClass = "astro-ph.IM",
 keywords = {instrumentation: interferometers, cosmology: miscellaneous },
     year = 2012,
    month = sep,
   volume = 425,
    pages = {1781-1788},
      doi = {10.1111/j.1365-2966.2012.20878.x},
   adsurl = {http://adsabs.harvard.edu/abs/2012MNRAS.425.1781B},
  adsnote = {Provided by the SAO/NASA Astrophysics Data System}
}

@ARTICLE{beardsley_et_al_2013,
   author = {{Beardsley}, A.~P. and {Hazelton}, B.~J. and {Morales}, M.~F. and 
	{Arcus}, W. and {Barnes}, D. and {Bernardi}, G. and {Bowman}, J.~D. and 
	{Briggs}, F.~H. and {Bunton}, J.~D. and {Cappallo}, R.~J. and 
	{Corey}, B.~E. and {Deshpande}, A. and {deSouza}, L. and {Emrich}, D. and 
	{Gaensler}, B.~M. and {Goeke}, R. and {Greenhill}, L.~J. and 
	{Herne}, D. and {Hewitt}, J.~N. and {Johnston-Hollitt}, M. and 
	{Kaplan}, D.~L. and {Kasper}, J.~C. and {Kincaid}, B.~B. and 
	{Koenig}, R. and {Kratzenberg}, E. and {Lonsdale}, C.~J. and 
	{Lynch}, M.~J. and {McWhirter}, S.~R. and {Mitchell}, D.~A. and 
	{Morgan}, E. and {Oberoi}, D. and {Ord}, S.~M. and {Pathikulangara}, J. and 
	{Prabu}, T. and {Remillard}, R.~A. and {Rogers}, A.~E.~E. and 
	{Roshi}, A. and {Salah}, J.~E. and {Sault}, R.~J. and {Udaya}, S.~N. and 
	{Srivani}, K.~S. and {Stevens}, J. and {Subrahmanyan}, R. and 
	{Tingay}, S.~J. and {Wayth}, R.~B. and {Waterson}, M. and {Webster}, R.~L. and 
	{Whitney}, A.~R. and {Williams}, A. and {Williams}, C.~L. and 
	{Wyithe}, J.~S.~B.},
    title = "{The EoR sensitivity of the Murchison Widefield Array}",
  journal = {\mnras},
archivePrefix = "arXiv",
   eprint = {1204.3111},
 primaryClass = "astro-ph.IM",
 keywords = {instrumentation: interferometers, cosmology: miscellaneous},
     year = 2013,
    month = feb,
   volume = 429,
    pages = {L5-L9},
      doi = {10.1093/mnrasl/sls013},
   adsurl = {http://adsabs.harvard.edu/abs/2013MNRAS.429L...5B},
  adsnote = {Provided by the SAO/NASA Astrophysics Data System}
}

@ARTICLE{becker_et_al_2015,
   author = {{Becker}, G.~D. and {Bolton}, J.~S. and {Lidz}, A.},
    title = "{Reionisation and High-Redshift Galaxies: The View from Quasar Absorption Lines}",
  journal = {\pasa},
archivePrefix = "arXiv",
   eprint = {1510.03368},
 keywords = {dark ages, reionization, first stars, Galaxies: evolution, Galaxies: high-redshift, intergalactic medium, quasars: absorption lines},
     year = 2015,
    month = dec,
   volume = 32,
      eid = {e045},
    pages = {e045},
      doi = {10.1017/pasa.2015.45},
   adsurl = {http://adsabs.harvard.edu/abs/2015PASA...32...45B},
  adsnote = {Provided by the SAO/NASA Astrophysics Data System}
}

@ARTICLE{beringer_et_al_2012,
   author = {{Beringer}, J. and {Arguin}, J.-F. and {Barnett}, R.~M. and 
	{Copic}, K. and {Dahl}, O. and {Groom}, D.~E. and {Lin}, C.-J. and 
	{Lys}, J. and {Murayama}, H. and {Wohl}, C.~G. and {Yao}, W.-M. and 
	{Zyla}, P.~A. and {Amsler}, C. and {Antonelli}, M. and {Asner}, D.~M. and 
	{Baer}, H. and {Band}, H.~R. and {Basaglia}, T. and {Bauer}, C.~W. and 
	{Beatty}, J.~J. and {Belousov}, V.~I. and {Bergren}, E. and 
	{Bernardi}, G. and {Bertl}, W. and {Bethke}, S. and {Bichsel}, H. and 
	{Biebel}, O. and {Blucher}, E. and {Blusk}, S. and {Brooijmans}, G. and 
	{Buchmueller}, O. and {Cahn}, R.~N. and {Carena}, M. and {Ceccucci}, A. and 
	{Chakraborty}, D. and {Chen}, M.-C. and {Chivukula}, R.~S. and 
	{Cowan}, G. and {D'Ambrosio}, G. and {Damour}, T. and {de Florian}, D. and 
	{de Gouv{\^e}a}, A. and {DeGrand}, T. and {de Jong}, P. and 
	{Dissertori}, G. and {Dobrescu}, B. and {Doser}, M. and {Drees}, M. and 
	{Edwards}, D.~A. and {Eidelman}, S. and {Erler}, J. and {Ezhela}, V.~V. and 
	{Fetscher}, W. and {Fields}, B.~D. and {Foster}, B. and {Gaisser}, T.~K. and 
	{Garren}, L. and {Gerber}, H.-J. and {Gerbier}, G. and {Gherghetta}, T. and 
	{Golwala}, S. and {Goodman}, M. and {Grab}, C. and {Gritsan}, A.~V. and 
	{Grivaz}, J.-F. and {Gr{\"u}newald}, M. and {Gurtu}, A. and 
	{Gutsche}, T. and {Haber}, H.~E. and {Hagiwara}, K. and {Hagmann}, C. and 
	{Hanhart}, C. and {Hashimoto}, S. and {Hayes}, K.~G. and {Heffner}, M. and 
	{Heltsley}, B. and {Hern{\'a}ndez-Rey}, J.~J. and {Hikasa}, K. and 
	{H{\"o}cker}, A. and {Holder}, J. and {Holtkamp}, A. and {Huston}, J. and 
	{Jackson}, J.~D. and {Johnson}, K.~F. and {Junk}, T. and {Karlen}, D. and 
	{Kirkby}, D. and {Klein}, S.~R. and {Klempt}, E. and {Kowalewski}, R.~V. and 
	{Krauss}, F. and {Kreps}, M. and {Krusche}, B. and {Kuyanov}, Y.~V. and 
	{Kwon}, Y. and {Lahav}, O. and {Laiho}, J. and {Langacker}, P. and 
	{Liddle}, A. and {Ligeti}, Z. and {Liss}, T.~M. and {Littenberg}, L. and 
	{Lugovsky}, K.~S. and {Lugovsky}, S.~B. and {Mannel}, T. and 
	{Manohar}, A.~V. and {Marciano}, W.~J. and {Martin}, A.~D. and 
	{Masoni}, A. and {Matthews}, J. and {Milstead}, D. and {Miquel}, R. and 
	{M{\"o}nig}, K. and {Moortgat}, F. and {Nakamura}, K. and {Narain}, M. and 
	{Nason}, P. and {Navas}, S. and {Neubert}, M. and {Nevski}, P. and 
	{Nir}, Y. and {Olive}, K.~A. and {Pape}, L. and {Parsons}, J. and 
	{Patrignani}, C. and {Peacock}, J.~A. and {Petcov}, S.~T. and 
	{Piepke}, A. and {Pomarol}, A. and {Punzi}, G. and {Quadt}, A. and 
	{Raby}, S. and {Raffelt}, G. and {Ratcliff}, B.~N. and {Richardson}, P. and 
	{Roesler}, S. and {Rolli}, S. and {Romaniouk}, A. and {Rosenberg}, L.~J. and 
	{Rosner}, J.~L. and {Sachrajda}, C.~T. and {Sakai}, Y. and {Salam}, G.~P. and 
	{Sarkar}, S. and {Sauli}, F. and {Schneider}, O. and {Scholberg}, K. and 
	{Scott}, D. and {Seligman}, W.~G. and {Shaevitz}, M.~H. and 
	{Sharpe}, S.~R. and {Silari}, M. and {Sj{\"o}strand}, T. and 
	{Skands}, P. and {Smith}, J.~G. and {Smoot}, G.~F. and {Spanier}, S. and 
	{Spieler}, H. and {Stahl}, A. and {Stanev}, T. and {Stone}, S.~L. and 
	{Sumiyoshi}, T. and {Syphers}, M.~J. and {Takahashi}, F. and 
	{Tanabashi}, M. and {Terning}, J. and {Titov}, M. and {Tkachenko}, N.~P. and 
	{T{\"o}rnqvist}, N.~A. and {Tovey}, D. and {Valencia}, G. and 
	{van Bibber}, K. and {Venanzoni}, G. and {Vincter}, M.~G. and 
	{Vogel}, P. and {Vogt}, A. and {Walkowiak}, W. and {Walter}, C.~W. and 
	{Ward}, D.~R. and {Watari}, T. and {Weiglein}, G. and {Weinberg}, E.~J. and 
	{Wiencke}, L.~R. and {Wolfenstein}, L. and {Womersley}, J. and 
	{Woody}, C.~L. and {Workman}, R.~L. and {Yamamoto}, A. and {Zeller}, G.~P. and 
	{Zenin}, O.~V. and {Zhang}, J. and {Zhu}, R.-Y. and {Harper}, G. and 
	{Lugovsky}, V.~S. and {Schaffner}, P.},
    title = "{Review of Particle Physics}",
  journal = {\prd},
 keywords = {Baryons, Mesons, Leptons, Other particles},
     year = 2012,
    month = jul,
   volume = 86,
   number = 1,
      eid = {010001},
    pages = {010001},
      doi = {10.1103/PhysRevD.86.010001},
   adsurl = {http://adsabs.harvard.edu/abs/2012PhRvD..86a0001B},
  adsnote = {Provided by the SAO/NASA Astrophysics Data System}
}

@ARTICLE{bernardi_et_al_2009,
   author = {{Bernardi}, G. and {de Bruyn}, A.~G. and {Brentjens}, M.~A. and 
	{Ciardi}, B. and {Harker}, G. and {Jeli{\'c}}, V. and {Koopmans}, L.~V.~E. and 
	{Labropoulos}, P. and {Offringa}, A. and {Pandey}, V.~N. and 
	{Schaye}, J. and {Thomas}, R.~M. and {Yatawatta}, S. and {Zaroubi}, S.
	},
    title = "{Foregrounds for observations of the cosmological 21 cm line. I. First Westerbork measurements of Galactic emission at 150 MHz in a low latitude field}",
  journal = {\aap},
archivePrefix = "arXiv",
   eprint = {0904.0404},
 primaryClass = "astro-ph.CO",
 keywords = {polarization, cosmology: diffuse radiation, cosmology: observations, radio continuum: general, ISM: general, ISM: magnetic fields},
     year = 2009,
    month = jun,
   volume = 500,
    pages = {965-979},
      doi = {10.1051/0004-6361/200911627},
   adsurl = {http://adsabs.harvard.edu/abs/2009A%26A...500..965B},
  adsnote = {Provided by the SAO/NASA Astrophysics Data System}
}

@ARTICLE{bernardi_et_al_2011,
   author = {{Bernardi}, G. and {Mitchell}, D.~A. and {Ord}, S.~M. and {Greenhill}, L.~J. and 
	{Pindor}, B. and {Wayth}, R.~B. and {Wyithe}, J.~S.~B.},
    title = "{Subtraction of point sources from interferometric radio images through an algebraic forward modelling scheme}",
  journal = {\mnras},
archivePrefix = "arXiv",
   eprint = {1012.3719},
 keywords = {methods: data analysis, methods: numerical, techniques: interferometric, cosmology: observations, dark ages, reionization, first stars, diffuse radiation},
     year = 2011,
    month = may,
   volume = 413,
    pages = {411-422},
      doi = {10.1111/j.1365-2966.2010.18145.x},
   adsurl = {http://adsabs.harvard.edu/abs/2011MNRAS.413..411B},
  adsnote = {Provided by the SAO/NASA Astrophysics Data System}
}

@ARTICLE{bernardi_et_al_2013,
   author = {{Bernardi}, G. and {Greenhill}, L.~J. and {Mitchell}, D.~A. and 
	{Ord}, S.~M. and {Hazelton}, B.~J. and {Gaensler}, B.~M. and 
	{de Oliveira-Costa}, A. and {Morales}, M.~F. and {Udaya Shankar}, N. and 
	{Subrahmanyan}, R. and {Wayth}, R.~B. and {Lenc}, E. and {Williams}, C.~L. and 
	{Arcus}, W. and {Arora}, B.~S. and {Barnes}, D.~G. and {Bowman}, J.~D. and 
	{Briggs}, F.~H. and {Bunton}, J.~D. and {Cappallo}, R.~J. and 
	{Corey}, B.~E. and {Deshpande}, A. and {deSouza}, L. and {Emrich}, D. and 
	{Goeke}, R. and {Herne}, D. and {Hewitt}, J.~N. and {Johnston-Hollitt}, M. and 
	{Kaplan}, D. and {Kasper}, J.~C. and {Kincaid}, B.~B. and {Koenig}, R. and 
	{Kratzenberg}, E. and {Lonsdale}, C.~J. and {Lynch}, M.~J. and 
	{McWhirter}, S.~R. and {Morgan}, E. and {Oberoi}, D. and {Pathikulangara}, J. and 
	{Prabu}, T. and {Remillard}, R.~A. and {Rogers}, A.~E.~E. and 
	{Roshi}, A. and {Salah}, J.~E. and {Sault}, R.~J. and {Srivani}, K.~S. and 
	{Stevens}, J. and {Tingay}, S.~J. and {Waterson}, M. and {Webster}, R.~L. and 
	{Whitney}, A.~R. and {Williams}, A. and {Wyithe}, J.~S.~B.},
    title = "{A 189 MHz, 2400 deg$^{2}$ Polarization Survey with the Murchison Widefield Array 32-element Prototype}",
  journal = {\apj},
archivePrefix = "arXiv",
   eprint = {1305.6047},
 primaryClass = "astro-ph.CO",
 keywords = {diffuse radiation, ISM: magnetic fields, polarization, radio continuum: general, surveys, techniques: interferometric},
     year = 2013,
    month = jul,
   volume = 771,
      eid = {105},
    pages = {105},
      doi = {10.1088/0004-637X/771/2/105},
   adsurl = {http://adsabs.harvard.edu/abs/2013ApJ...771..105B},
  adsnote = {Provided by the SAO/NASA Astrophysics Data System}
}

@ARTICLE{bhatnagar_et_al_2008,
   author = {{Bhatnagar}, S. and {Cornwell}, T.~J. and {Golap}, K. and {Uson}, J.~M.
	},
    title = "{Correcting direction-dependent gains in the deconvolution of radio interferometric images}",
  journal = {\aap},
archivePrefix = "arXiv",
   eprint = {0805.0834},
 keywords = {methods: data analysis, techniques: interferometic, techniques: image processing, techniques: polarimetric},
     year = 2008,
    month = aug,
   volume = 487,
    pages = {419-429},
      doi = {10.1051/0004-6361:20079284},
   adsurl = {http://adsabs.harvard.edu/abs/2008A%26A...487..419B},
  adsnote = {Provided by the SAO/NASA Astrophysics Data System}
}

@ARTICLE{binney_and_quinn_1991,
   author = {{Binney}, J. and {Quinn}, T.},
    title = "{Gaussian random fields in spherical coordinates}",
  journal = {\mnras},
 keywords = {Computational Astrophysics, Galactic Clusters, Normal Density Functions, Random Processes, Spherical Coordinates, Dark Matter, Galactic Evolution, Gravitational Collapse},
     year = 1991,
    month = apr,
   volume = 249,
    pages = {678-683},
      doi = {10.1093/mnras/249.4.678},
   adsurl = {http://adsabs.harvard.edu/abs/1991MNRAS.249..678B},
  adsnote = {Provided by the SAO/NASA Astrophysics Data System}
}

@ARTICLE{bittner_and_loeb_2011,
   author = {{Bittner}, J.~M. and {Loeb}, A.},
    title = "{Measuring the redshift of reionization with a modest array of low-frequency dipoles}",
  journal = {Journal of Cosmology and Astroparticle Physics},
archivePrefix = "arXiv",
   eprint = {1006.5460},
 primaryClass = "astro-ph.CO",
     year = 2011,
    month = apr,
   volume = 4,
      eid = {038},
    pages = {38},
      doi = {10.1088/1475-7516/2011/04/038},
   adsurl = {http://adsabs.harvard.edu/abs/2011JCAP...04..038B},
  adsnote = {Provided by the SAO/NASA Astrophysics Data System}
}
@ARTICLE{bowman_et_al_2009,
   author = {{Bowman}, J.~D. and {Morales}, M.~F. and {Hewitt}, J.~N.},
    title = "{Foreground Contamination in Interferometric Measurements of the Redshifted 21 cm Power Spectrum}",
  journal = {\apj},
archivePrefix = "arXiv",
   eprint = {0807.3956},
 keywords = {early universe, intergalactic medium, methods: data analysis, radio lines: general, techniques: interferometric},
     year = 2009,
    month = apr,
   volume = 695,
    pages = {183-199},
      doi = {10.1088/0004-637X/695/1/183},
   adsurl = {http://adsabs.harvard.edu/abs/2009ApJ...695..183B},
  adsnote = {Provided by the SAO/NASA Astrophysics Data System}
}

@ARTICLE{bowman_et_al_2013,
   author = {{Bowman}, J.~D. and {Cairns}, I. and {Kaplan}, D.~L. and {Murphy}, T. and 
	{Oberoi}, D. and {Staveley-Smith}, L. and {Arcus}, W. and {Barnes}, D.~G. and 
	{Bernardi}, G. and {Briggs}, F.~H. and {Brown}, S. and {Bunton}, J.~D. and 
	{Burgasser}, A.~J. and {Cappallo}, R.~J. and {Chatterjee}, S. and 
	{Corey}, B.~E. and {Coster}, A. and {Deshpande}, A. and {deSouza}, L. and 
	{Emrich}, D. and {Erickson}, P. and {Goeke}, R.~F. and {Gaensler}, B.~M. and 
	{Greenhill}, L.~J. and {Harvey-Smith}, L. and {Hazelton}, B.~J. and 
	{Herne}, D. and {Hewitt}, J.~N. and {Johnston-Hollitt}, M. and 
	{Kasper}, J.~C. and {Kincaid}, B.~B. and {Koenig}, R. and {Kratzenberg}, E. and 
	{Lonsdale}, C.~J. and {Lynch}, M.~J. and {Matthews}, L.~D. and 
	{McWhirter}, S.~R. and {Mitchell}, D.~A. and {Morales}, M.~F. and 
	{Morgan}, E.~H. and {Ord}, S.~M. and {Pathikulangara}, J. and 
	{Prabu}, T. and {Remillard}, R.~A. and {Robishaw}, T. and {Rogers}, A.~E.~E. and 
	{Roshi}, A.~A. and {Salah}, J.~E. and {Sault}, R.~J. and {Shankar}, N.~U. and 
	{Srivani}, K.~S. and {Stevens}, J.~B. and {Subrahmanyan}, R. and 
	{Tingay}, S.~J. and {Wayth}, R.~B. and {Waterson}, M. and {Webster}, R.~L. and 
	{Whitney}, A.~R. and {Williams}, A.~J. and {Williams}, C.~L. and 
	{Wyithe}, J.~S.~B.},
    title = "{Science with the Murchison Widefield Array}",
  journal = {Publications of the Astronomical Society of Australia},
archivePrefix = "arXiv",
   eprint = {1212.5151},
 primaryClass = "astro-ph.IM",
 keywords = {dark ages, reionisation, first stars, instrumentation: interferometers, radio continuum: general, radio lines: general, Sun: general},
     year = 2013,
    month = apr,
   volume = 30,
      eid = {e031},
    pages = {31},
      doi = {10.1017/pas.2013.009},
   adsurl = {http://adsabs.harvard.edu/abs/2013PASA...30...31B},
  adsnote = {Provided by the SAO/NASA Astrophysics Data System}
}

@ARTICLE{chang_et_al_2010,
   author = {{Chang}, T.-C. and {Pen}, U.-L. and {Bandura}, K. and {Peterson}, J.~B.
    },
    title = "{An intensity map of hydrogen 21-cm emission at redshift z\~{}0.8}",
  journal = {\nat},
     year = 2010,
    month = jul,
   volume = 466,
    pages = {463-465},
      doi = {10.1038/nature09187},
   adsurl = {http://adsabs.harvard.edu/abs/2010Natur.466..463C},
  adsnote = {Provided by the SAO/NASA Astrophysics Data System}
}

@ARTICLE{chapman_et_al_2012,
   author = {{Chapman}, E. and {Abdalla}, F.~B. and {Harker}, G. and {Jeli{\'c}}, V. and 
	{Labropoulos}, P. and {Zaroubi}, S. and {Brentjens}, M.~A. and 
	{de Bruyn}, A.~G. and {Koopmans}, L.~V.~E.},
    title = "{Foreground removal using FASTICA: a showcase of LOFAR-EoR}",
  journal = {\mnras},
archivePrefix = "arXiv",
   eprint = {1201.2190},
 primaryClass = "astro-ph.CO",
 keywords = {methods: statistical, cosmology: theory, dark ages, reionization, first stars, diffuse radiation},
     year = 2012,
    month = jul,
   volume = 423,
    pages = {2518-2532},
      doi = {10.1111/j.1365-2966.2012.21065.x},
   adsurl = {http://adsabs.harvard.edu/abs/2012MNRAS.423.2518C},
  adsnote = {Provided by the SAO/NASA Astrophysics Data System}
}

@ARTICLE{chapman_et_al_2013,
   author = {{Chapman}, E. and {Abdalla}, F.~B. and {Bobin}, J. and {Starck}, J.-L. and 
	{Harker}, G. and {Jeli{\'c}}, V. and {Labropoulos}, P. and {Zaroubi}, S. and 
	{Brentjens}, M.~A. and {de Bruyn}, A.~G. and {Koopmans}, L.~V.~E.
	},
    title = "{The scale of the problem: recovering images of reionization with Generalized Morphological Component Analysis}",
  journal = {\mnras},
archivePrefix = "arXiv",
   eprint = {1209.4769},
 primaryClass = "astro-ph.CO",
 keywords = {methods: statistical, cosmology: theory, dark ages, reionization, first stars, diffuse radiation},
     year = 2013,
    month = feb,
   volume = 429,
    pages = {165-176},
      doi = {10.1093/mnras/sts333},
   adsurl = {http://adsabs.harvard.edu/abs/2013MNRAS.429..165C},
  adsnote = {Provided by the SAO/NASA Astrophysics Data System}
}

@ARTICLE{cornwell_et_al_2008,
   author = {{Cornwell}, T.~J. and {Golap}, K. and {Bhatnagar}, S.},
    title = "{The Noncoplanar Baselines Effect in Radio Interferometry: The W-Projection Algorithm}",
  journal = {IEEE Journal of Selected Topics in Signal Processing},
archivePrefix = "arXiv",
   eprint = {0807.4161},
     year = 2008,
    month = nov,
   volume = 2,
    pages = {647-657},
      doi = {10.1109/JSTSP.2008.2005290},
   adsurl = {http://adsabs.harvard.edu/abs/2008ISTSP...2..647C},
  adsnote = {Provided by the SAO/NASA Astrophysics Data System}
}

@ARTICLE{crociani_et_al_2011,
   author = {{Crociani}, D. and {Mesinger}, A. and {Moscardini}, L. and {Furlanetto}, S.
	},
    title = "{The distribution of Lyman-limit absorption systems during and after reionization}",
  journal = {\mnras},
archivePrefix = "arXiv",
   eprint = {1008.0003},
 keywords = {intergalactic medium, cosmology: theory, diffuse radiation, early Universe, large scale structure of universe},
     year = 2011,
    month = feb,
   volume = 411,
    pages = {289-300},
      doi = {10.1111/j.1365-2966.2010.17680.x},
   adsurl = {http://adsabs.harvard.edu/abs/2011MNRAS.411..289C},
  adsnote = {Provided by the SAO/NASA Astrophysics Data System}
}

@article{cross_and_vick_2001,
	Author = {{Cross}, S.~E. and {Vick}, N.~V.},
	Date-Added = {2016-01-29 19:44:01 +0000},
	Date-Modified = {2016-01-29 19:44:49 +0000},
	Journal = {Personality and Social Psychology Bulletin},
	Pages = {820},
	Title = {The Interdependent Self-Construal and Social Support: The Case of Persistence in Engineering},
	Volume = {27},
	Year = {2001}}

@ARTICLE{datta_et_al_2010,
   author = {{Datta}, A. and {Bowman}, J.~D. and {Carilli}, C.~L.},
    title = "{Bright Source Subtraction Requirements for Redshifted 21 cm Measurements}",
  journal = {\apj},
archivePrefix = "arXiv",
   eprint = {1005.4071},
 primaryClass = "astro-ph.CO",
 keywords = {early universe, intergalactic medium, methods: data analysis, radio lines: general, techniques: interferometric},
     year = 2010,
    month = nov,
   volume = 724,
    pages = {526-538},
      doi = {10.1088/0004-637X/724/1/526},
   adsurl = {http://adsabs.harvard.edu/abs/2010ApJ...724..526D},
  adsnote = {Provided by the SAO/NASA Astrophysics Data System}
}

@ARTICLE{datta_et_al_2012,
   author = {{Datta}, K.~K. and {Mellema}, G. and {Mao}, Y. and {Iliev}, I.~T. and 
	{Shapiro}, P.~R. and {Ahn}, K.},
    title = "{Light-cone effect on the reionization 21-cm power spectrum}",
  journal = {\mnras},
archivePrefix = "arXiv",
   eprint = {1109.1284},
 keywords = {methods: numerical, methods: statistical, cosmology: theory, dark ages, reionization, first stars, diffuse radiation },
     year = 2012,
    month = aug,
   volume = 424,
    pages = {1877-1891},
      doi = {10.1111/j.1365-2966.2012.21293.x},
   adsurl = {http://adsabs.harvard.edu/abs/2012MNRAS.424.1877D},
  adsnote = {Provided by the SAO/NASA Astrophysics Data System}
}

@ARTICLE{datta_et_al_2014,
   author = {{Datta}, K.~K. and {Jensen}, H. and {Majumdar}, S. and {Mellema}, G. and 
	{Iliev}, I.~T. and {Mao}, Y. and {Shapiro}, P.~R. and {Ahn}, K.
	},
    title = "{Light cone effect on the reionization 21-cm signal - II. Evolution, anisotropies and observational implications}",
  journal = {\mnras},
archivePrefix = "arXiv",
   eprint = {1402.0508},
 keywords = {methods: numerical, methods: statistical, cosmology: theory, dark ages, reionization, first stars, diffuse radiation},
     year = 2014,
    month = aug,
   volume = 442,
    pages = {1491-1506},
      doi = {10.1093/mnras/stu927},
   adsurl = {http://adsabs.harvard.edu/abs/2014MNRAS.442.1491D},
  adsnote = {Provided by the SAO/NASA Astrophysics Data System}
}

@ARTICLE{dillon_et_al_2013,
   author = {{Dillon}, J.~S. and {Liu}, A. and {Tegmark}, M.},
    title = "{A fast method for power spectrum and foreground analysis for 21 cm cosmology}",
  journal = {\prd},
archivePrefix = "arXiv",
   eprint = {1211.2232},
 primaryClass = "astro-ph.CO",
 keywords = {Observation and data reduction techniques; computer modeling and simulation, Mathematical procedures and computer techniques, Cosmology, Observational cosmology},
     year = 2013,
    month = feb,
   volume = 87,
   number = 4,
      eid = {043005},
    pages = {043005},
      doi = {10.1103/PhysRevD.87.043005},
   adsurl = {http://adsabs.harvard.edu/abs/2013PhRvD..87d3005D},
  adsnote = {Provided by the SAO/NASA Astrophysics Data System}
}

@ARTICLE{dillon_et_al_2014,
   author = {{Dillon}, J.~S. and {Liu}, A. and {Williams}, C.~L. and {Hewitt}, J.~N. and 
	{Tegmark}, M. and {Morgan}, E.~H. and {Levine}, A.~M. and {Morales}, M.~F. and 
	{Tingay}, S.~J. and {Bernardi}, G. and {Bowman}, J.~D. and {Briggs}, F.~H. and 
	{Cappallo}, R.~C. and {Emrich}, D. and {Mitchell}, D.~A. and 
	{Oberoi}, D. and {Prabu}, T. and {Wayth}, R. and {Webster}, R.~L.
	},
    title = "{Overcoming real-world obstacles in 21 cm power spectrum estimation: A method demonstration and results from early Murchison Widefield Array data}",
  journal = {\prd},
archivePrefix = "arXiv",
   eprint = {1304.4229},
 primaryClass = "astro-ph.CO",
 keywords = {Observation and data reduction techniques, computer modeling and simulation, Radio microwave, Cosmology, Observational cosmology},
     year = 2014,
    month = jan,
   volume = 89,
   number = 2,
      eid = {023002},
    pages = {023002},
      doi = {10.1103/PhysRevD.89.023002},
   adsurl = {http://adsabs.harvard.edu/abs/2014PhRvD..89b3002D},
  adsnote = {Provided by the SAO/NASA Astrophysics Data System}
}

@ARTICLE{dillon_et_al_2015a,
   author = {{Dillon}, J.~S. and {Tegmark}, M. and {Liu}, A. and {Ewall-Wice}, A. and 
	{Hewitt}, J.~N. and {Morales}, M.~F. and {Neben}, A.~R. and 
	{Parsons}, A.~R. and {Zheng}, H.},
    title = "{Mapmaking for precision 21 cm cosmology}",
  journal = {\prd},
archivePrefix = "arXiv",
   eprint = {1410.0963},
 keywords = {Observation and data reduction techniques, computer modeling and simulation, Interferometry, Intergalactic matter, quasar absorption and emission-line systems, Lyman forest, Observational cosmology},
     year = 2015,
    month = jan,
   volume = 91,
   number = 2,
      eid = {023002},
    pages = {023002},
      doi = {10.1103/PhysRevD.91.023002},
   adsurl = {http://adsabs.harvard.edu/abs/2015PhRvD..91b3002D},
  adsnote = {Provided by the SAO/NASA Astrophysics Data System}
}

@ARTICLE{dillon_et_al_2015b,
   author = {{Dillon}, J.~S. and {Neben}, A.~R. and {Hewitt}, J.~N. and {Tegmark}, M. and 
	{Barry}, N. and {Beardsley}, A.~P. and {Bowman}, J.~D. and {Briggs}, F. and 
	{Carroll}, P. and {de Oliveira-Costa}, A. and {Ewall-Wice}, A. and 
	{Feng}, L. and {Greenhill}, L.~J. and {Hazelton}, B.~J. and 
	{Hernquist}, L. and {Hurley-Walker}, N. and {Jacobs}, D.~C. and 
	{Kim}, H.~S. and {Kittiwisit}, P. and {Lenc}, E. and {Line}, J. and 
	{Loeb}, A. and {McKinley}, B. and {Mitchell}, D.~A. and {Morales}, M.~F. and 
	{Offringa}, A.~R. and {Paul}, S. and {Pindor}, B. and {Pober}, J.~C. and 
	{Procopio}, P. and {Riding}, J. and {Sethi}, S. and {Shankar}, N.~U. and 
	{Subrahmanyan}, R. and {Sullivan}, I. and {Thyagarajan}, N. and 
	{Tingay}, S.~J. and {Trott}, C. and {Wayth}, R.~B. and {Webster}, R.~L. and 
	{Wyithe}, S. and {Bernardi}, G. and {Cappallo}, R.~J. and {Deshpande}, A.~A. and 
	{Johnston-Hollitt}, M. and {Kaplan}, D.~L. and {Lonsdale}, C.~J. and 
	{McWhirter}, S.~R. and {Morgan}, E. and {Oberoi}, D. and {Ord}, S.~M. and 
	{Prabu}, T. and {Srivani}, K.~S. and {Williams}, A. and {Williams}, C.~L.
	},
    title = "{Empirical covariance modeling for 21 cm power spectrum estimation: A method demonstration and new limits from early Murchison Widefield Array 128-tile data}",
  journal = {\prd},
archivePrefix = "arXiv",
   eprint = {1506.01026},
 keywords = {Observation and data reduction techniques, computer modeling and simulation, Interferometry, Cosmology, Observational cosmology},
     year = 2015,
    month = jun,
   volume = 91,
   number = 12,
      eid = {123011},
    pages = {123011},
      doi = {10.1103/PhysRevD.91.123011},
   adsurl = {http://adsabs.harvard.edu/abs/2015PhRvD..91l3011D},
  adsnote = {Provided by the SAO/NASA Astrophysics Data System}
}

@ARTICLE{dillon_and_parsons_2016,
   author = {{Dillon}, J.~S. and {Parsons}, A.~R.},
    title = "{Redundant Array Configurations for 21 cm Cosmology}",
  journal = {\apj},
archivePrefix = "arXiv",
   eprint = {1602.06259},
 primaryClass = "astro-ph.IM",
 keywords = {dark ages, reionization, first stars, instrumentation: interferometers, methods: data analysis, techniques: interferometric },
     year = 2016,
    month = aug,
   volume = 826,
      eid = {181},
    pages = {181},
      doi = {10.3847/0004-637X/826/2/181},
   adsurl = {http://adsabs.harvard.edu/abs/2016ApJ...826..181D},
  adsnote = {Provided by the SAO/NASA Astrophysics Data System}
}

@ARTICLE{ewall-wice_et_al_2016,
   author = {{Ewall-Wice}, A. and {Hewitt}, J. and {Mesinger}, A. and {Dillon}, J.~S. and 
	{Liu}, A. and {Pober}, J.},
    title = "{Constraining high-redshift X-ray sources with next generation 21-cm power spectrum measurements}",
  journal = {\mnras},
archivePrefix = "arXiv",
   eprint = {1511.04101},
 keywords = {techniques: interferometric, dark ages, reionization, first stars, radio lines: general, X-rays: galaxies},
     year = 2016,
    month = may,
   volume = 458,
    pages = {2710-2724},
      doi = {10.1093/mnras/stw452},
   adsurl = {http://adsabs.harvard.edu/abs/2016MNRAS.458.2710E},
  adsnote = {Provided by the SAO/NASA Astrophysics Data System}
}

@ARTICLE{fernandez_et_al_2014,
   author = {{Fernandez}, E.~R. and {Zaroubi}, S. and {Iliev}, I.~T. and 
	{Mellema}, G. and {Jeli{\'c}}, V.},
    title = "{Stars and reionization: the cross-correlation of the 21 cm line and the near-infrared background}",
  journal = {\mnras},
archivePrefix = "arXiv",
   eprint = {1312.3549},
 primaryClass = "astro-ph.CO",
 keywords = {galaxies: high-redshift, cosmology: observations, cosmology: theory, dark ages, reionization, first stars, early Universe, infrared: galaxies},
     year = 2014,
    month = may,
   volume = 440,
    pages = {298-306},
      doi = {10.1093/mnras/stu261},
   adsurl = {http://adsabs.harvard.edu/abs/2014MNRAS.440..298F},
  adsnote = {Provided by the SAO/NASA Astrophysics Data System}
}

@ARTICLE{feroz_et_al_2009,
   author = {{Feroz}, F. and {Hobson}, M.~P. and {Bridges}, M.},
    title = "{MULTINEST: an efficient and robust Bayesian inference tool for cosmology and particle physics}",
  journal = {\mnras},
archivePrefix = "arXiv",
   eprint = {0809.3437},
 keywords = {methods: data analysis , methods: statistical},
     year = 2009,
    month = oct,
   volume = 398,
    pages = {1601-1614},
      doi = {10.1111/j.1365-2966.2009.14548.x},
   adsurl = {http://adsabs.harvard.edu/abs/2009MNRAS.398.1601F},
  adsnote = {Provided by the SAO/NASA Astrophysics Data System}
}

@ARTICLE{fisher_et_al_1995,
   author = {{Fisher}, K.~B. and {Lahav}, O. and {Hoffman}, Y. and {Lynden-Bell}, D. and 
	{Zaroubi}, S.},
    title = "{Wiener reconstruction of density, velocity and potential fields from all-sky galaxy redshift surveys}",
  journal = {\mnras},
   eprint = {astro-ph/9406009},
 keywords = {METHODS: STATISTICAL, GALAXIES: DISTANCES AND REDSHIFTS, LARGE-SCALE STRUCTURE OF UNIVERSE},
     year = 1995,
    month = feb,
   volume = 272,
    pages = {885-908},
      doi = {10.1093/mnras/272.4.885},
   adsurl = {http://adsabs.harvard.edu/abs/1995MNRAS.272..885F},
  adsnote = {Provided by the SAO/NASA Astrophysics Data System}
}

@INBOOK{fomalont_and_wright_1974,
   author = {{Fomalont}, E.~B. and {Wright}, M.~C.~H.},
    title = "{Interferometry and Aperture Synthesis}",
booktitle = {Galactic and Extra-Galactic Radio Astronomy},
     year = 1974,
   editor = {{Verschuur}, G.~L. and {Kellermann}, K.~I. and {van Brunt}, V.
	},
    pages = {127},
      doi = {10.1007/978-3-642-96178-6_10},
   adsurl = {http://adsabs.harvard.edu/abs/1974gegr.book..256F},
  adsnote = {Provided by the SAO/NASA Astrophysics Data System}
}

@ARTICLE{furlanetto_et_al_2004,
   author = {{Furlanetto}, S.~R. and {Zaldarriaga}, M. and {Hernquist}, L.
	},
    title = "{Statistical Probes of Reionization with 21 Centimeter Tomography}",
  journal = {\apj},
   eprint = {astro-ph/0404112},
 keywords = {Cosmology: Theory, Cosmology: Diffuse Radiation, Galaxies: Intergalactic Medium, Radio Lines: General},
     year = 2004,
    month = sep,
   volume = 613,
    pages = {16-22},
      doi = {10.1086/423028},
   adsurl = {http://adsabs.harvard.edu/abs/2004ApJ...613...16F},
  adsnote = {Provided by the SAO/NASA Astrophysics Data System}
}

@ARTICLE{furlanetto_2006,
   author = {{Furlanetto}, S.~R.},
    title = "{The global 21-centimeter background from high redshifts}",
  journal = {\mnras},
   eprint = {astro-ph/0604040},
 keywords = {intergalactic medium: cosmology: theory: diffuse radiation, intergalactic medium, cosmology: theory, diffuse radiation},
     year = 2006,
    month = sep,
   volume = 371,
    pages = {867-878},
      doi = {10.1111/j.1365-2966.2006.10725.x},
   adsurl = {http://adsabs.harvard.edu/abs/2006MNRAS.371..867F},
  adsnote = {Provided by the SAO/NASA Astrophysics Data System}
}

@ARTICLE{furlanetto_et_al_2006,
   author = {{Furlanetto}, S.~R. and {Oh}, S.~P. and {Briggs}, F.~H.},
    title = "{Cosmology at low frequencies: The 21 cm transition and the high-redshift Universe}",
  journal = {\physrep},
   eprint = {arXiv:astro-ph/0608032},
     year = 2006,
    month = oct,
   volume = 433,
    pages = {181-301},
      doi = {10.1016/j.physrep.2006.08.002},
   adsurl = {http://adsabs.harvard.edu/abs/2006PhR...433..181F},
  adsnote = {Provided by the SAO/NASA Astrophysics Data System}
}

@ARTICLE{furlanetto_and_lidz_2007,
   author = {{Furlanetto}, S.~R. and {Lidz}, A.},
    title = "{The Cross-Correlation of High-Redshift 21 cm and Galaxy Surveys}",
  journal = {\apj},
   eprint = {astro-ph/0611274},
 keywords = {Cosmology: Theory, Galaxies: High-Redshift, Galaxies: Intergalactic Medium},
     year = 2007,
    month = may,
   volume = 660,
    pages = {1030-1038},
      doi = {10.1086/513009},
   adsurl = {http://adsabs.harvard.edu/abs/2007ApJ...660.1030F},
  adsnote = {Provided by the SAO/NASA Astrophysics Data System}
}

@ARTICLE{furlanetto_and_mesinger_2009,
   author = {{Furlanetto}, S.~R. and {Mesinger}, A.},
    title = "{The ionizing background at the end of reionization}",
  journal = {\mnras},
archivePrefix = "arXiv",
   eprint = {0809.4493},
 keywords = {intergalactic medium , cosmology: theory , diffuse radiation},
     year = 2009,
    month = apr,
   volume = 394,
    pages = {1667-1673},
      doi = {10.1111/j.1365-2966.2009.14449.x},
   adsurl = {http://adsabs.harvard.edu/abs/2009MNRAS.394.1667F},
  adsnote = {Provided by the SAO/NASA Astrophysics Data System}
}

@ARTICLE{geil_et_al_2015,
   author = {{Geil}, P.~M. and {Mutch}, S.~J. and {Poole}, G.~B. and {Angel}, P.~W. and 
	{Duffy}, A.~R. and {Mesinger}, A. and {Wyithe}, J.~S.~B.},
    title = "{Dark-ages reionization {\amp} galaxy formation simulation V: morphology and statistical signatures of reionization}",
  journal = {ArXiv e-prints},
archivePrefix = "arXiv",
   eprint = {1512.00564},
 keywords = {Astrophysics - Cosmology and Nongalactic Astrophysics, Astrophysics - Astrophysics of Galaxies},
     year = 2015,
    month = dec,
   adsurl = {http://adsabs.harvard.edu/abs/2015arXiv151200564G},
  adsnote = {Provided by the SAO/NASA Astrophysics Data System}
}

@ARTICLE{gong_et_al_2011,
   author = {{Gong}, Y. and {Cooray}, A. and {Silva}, M.~B. and {Santos}, M.~G. and 
	{Lubin}, P.},
    title = "{Probing Reionization with Intensity Mapping of Molecular and Fine-structure Lines}",
  journal = {\apjl},
archivePrefix = "arXiv",
   eprint = {1101.2892},
 keywords = {cosmology: theory, diffuse radiation, galaxies: starburst, radio lines: galaxies},
     year = 2011,
    month = feb,
   volume = 728,
      eid = {L46},
    pages = {L46},
      doi = {10.1088/2041-8205/728/2/L46},
   adsurl = {http://adsabs.harvard.edu/abs/2011ApJ...728L..46G},
  adsnote = {Provided by the SAO/NASA Astrophysics Data System}
}

@ARTICLE{gong_et_al_2012,
   author = {{Gong}, Y. and {Cooray}, A. and {Silva}, M. and {Santos}, M.~G. and 
	{Bock}, J. and {Bradford}, C.~M. and {Zemcov}, M.},
    title = "{Intensity Mapping of the [C II] Fine Structure Line during the Epoch of Reionization}",
  journal = {\apj},
archivePrefix = "arXiv",
   eprint = {1107.3553},
 keywords = {cosmology: theory, diffuse radiation, intergalactic medium, large-scale structure of universe},
     year = 2012,
    month = jan,
   volume = 745,
      eid = {49},
    pages = {49},
      doi = {10.1088/0004-637X/745/1/49},
   adsurl = {http://adsabs.harvard.edu/abs/2012ApJ...745...49G},
  adsnote = {Provided by the SAO/NASA Astrophysics Data System}
}

@ARTICLE{gorski_et_al_2005,
   author = {{G{\'o}rski}, K.~M. and {Hivon}, E. and {Banday}, A.~J. and 
	{Wandelt}, B.~D. and {Hansen}, F.~K. and {Reinecke}, M. and 
	{Bartelmann}, M.},
    title = "{HEALPix: A Framework for High-Resolution Discretization and Fast Analysis of Data Distributed on the Sphere}",
  journal = {\apj},
   eprint = {arXiv:astro-ph/0409513},
 keywords = {Cosmology: Cosmic Microwave Background, Cosmology: Observations, Methods: Statistical},
     year = 2005,
    month = apr,
   volume = 622,
    pages = {759-771},
      doi = {10.1086/427976},
   adsurl = {http://adsabs.harvard.edu/abs/2005ApJ...622..759G},
  adsnote = {Provided by the SAO/NASA Astrophysics Data System}
}

@ARTICLE{greig_and_mesinger_2015,
   author = {{Greig}, B. and {Mesinger}, A.},
    title = "{21CMMC: an MCMC analysis tool enabling astrophysical parameter studies of the cosmic 21 cm signal}",
  journal = {\mnras},
archivePrefix = "arXiv",
   eprint = {1501.06576},
 keywords = {galaxies: high-redshift, intergalactic medium, cosmology: theory, dark ages, reionization, first stars, diffuse radiation, early Universe},
     year = 2015,
    month = jun,
   volume = 449,
    pages = {4246-4263},
      doi = {10.1093/mnras/stv571},
   adsurl = {http://adsabs.harvard.edu/abs/2015MNRAS.449.4246G},
  adsnote = {Provided by the SAO/NASA Astrophysics Data System}
}

@ARTICLE{greig_et_al_2016,
   author = {{Greig}, B. and {Mesinger}, A. and {Pober}, J.~C.},
    title = "{Constraints on the temperature of the intergalactic medium at z = 8.4 with 21-cm observations}",
  journal = {\mnras},
archivePrefix = "arXiv",
   eprint = {1509.02158},
 keywords = {galaxies: high-redshift, intergalactic medium, cosmology: theory, dark ages, reionization, first stars, diffuse radiation, early Universe},
     year = 2016,
    month = feb,
   volume = 455,
    pages = {4295-4300},
      doi = {10.1093/mnras/stv2618},
   adsurl = {http://adsabs.harvard.edu/abs/2016MNRAS.455.4295G},
  adsnote = {Provided by the SAO/NASA Astrophysics Data System}
}

@ARTICLE{han_and_han_2014,
   author = {{Han}, Y. and {Han}, Z.},
    title = "{BayeSED: A General Approach to Fitting the Spectral Energy Distribution of Galaxies}",
  journal = {\apjs},
archivePrefix = "arXiv",
   eprint = {1408.6399},
 keywords = {galaxies: evolution, galaxies: fundamental parameters, galaxies: statistics, galaxies: stellar content, methods: data analysis, methods: statistical },
     year = 2014,
    month = nov,
   volume = 215,
      eid = {2},
    pages = {2},
      doi = {10.1088/0067-0049/215/1/2},
   adsurl = {http://adsabs.harvard.edu/abs/2014ApJS..215....2H},
  adsnote = {Provided by the SAO/NASA Astrophysics Data System}
}

@ARTICLE{haslam_et_al_1982,
   author = {{Haslam}, C.~G.~T. and {Salter}, C.~J. and {Stoffel}, H. and 
	{Wilson}, W.~E.},
    title = "{A 408 MHz all-sky continuum survey. II - The atlas of contour maps}",
  journal = {\aaps},
 keywords = {Astronomical Maps, Radio Astronomy, Ultrahigh Frequencies, Galactic Structure, Radio Telescopes, Relief Maps},
     year = 1982,
    month = jan,
   volume = 47,
    pages = {1},
   adsurl = {http://adsabs.harvard.edu/abs/1982A%26AS...47....1H},
  adsnote = {Provided by the SAO/NASA Astrophysics Data System}
}

@ARTICLE{hazelton_et_al_2013,
   author = {{Hazelton}, B.~J. and {Morales}, M.~F. and {Sullivan}, I.~S.
	},
    title = "{The Fundamental Multi-baseline Mode-mixing Foreground in 21 cm Epoch of Reionization Observations}",
  journal = {\apj},
archivePrefix = "arXiv",
   eprint = {1301.3126},
 primaryClass = "astro-ph.IM",
 keywords = {cosmology: observations, methods: data analysis, techniques: interferometric},
     year = 2013,
    month = jun,
   volume = 770,
      eid = {156},
    pages = {156},
      doi = {10.1088/0004-637X/770/2/156},
   adsurl = {http://adsabs.harvard.edu/abs/2013ApJ...770..156H},
  adsnote = {Provided by the SAO/NASA Astrophysics Data System}
}

@ARTICLE{heavens_and_taylor_1995,
   author = {{Heavens}, A.~F. and {Taylor}, A.~N.},
    title = "{A spherical harmonic analysis of redshift space}",
  journal = {\mnras},
   eprint = {astro-ph/9409027},
 keywords = {GALAXIES: CLUSTERS: GENERAL, GALAXIES: DISTANCES AND REDSHIFTS, COSMOLOGY: THEORY},
     year = 1995,
    month = jul,
   volume = 275,
    pages = {483-497},
      doi = {10.1093/mnras/275.2.483},
   adsurl = {http://adsabs.harvard.edu/abs/1995MNRAS.275..483H},
  adsnote = {Provided by the SAO/NASA Astrophysics Data System}
}

@ARTICLE{hurley-walker_et_al_2014,
   author = {{Hurley-Walker}, N. and {Morgan}, J. and {Wayth}, R.~B. and 
	{Hancock}, P.~J. and {Bell}, M.~E. and {Bernardi}, G. and {Bhat}, R. and 
	{Briggs}, F. and {Deshpande}, A.~A. and {Ewall-Wice}, A. and 
	{Feng}, L. and {Hazelton}, B.~J. and {Hindson}, L. and {Jacobs}, D.~C. and 
	{Kaplan}, D.~L. and {Kudryavtseva}, N. and {Lenc}, E. and {McKinley}, B. and 
	{Mitchell}, D. and {Pindor}, B. and {Procopio}, P. and {Oberoi}, D. and 
	{Offringa}, A. and {Ord}, S. and {Riding}, J. and {Bowman}, J.~D. and 
	{Cappallo}, R. and {Corey}, B. and {Emrich}, D. and {Gaensler}, B.~M. and 
	{Goeke}, R. and {Greenhill}, L. and {Hewitt}, J. and {Johnston-Hollitt}, M. and 
	{Kasper}, J. and {Kratzenberg}, E. and {Lonsdale}, C. and {Lynch}, M. and 
	{McWhirter}, R. and {Morales}, M.~F. and {Morgan}, E. and {Prabu}, T. and 
	{Rogers}, A. and {Roshi}, A. and {Shankar}, U. and {Srivani}, K. and 
	{Subrahmanyan}, R. and {Tingay}, S. and {Waterson}, M. and {Webster}, R. and 
	{Whitney}, A. and {Williams}, A. and {Williams}, C.},
    title = "{The Murchison Widefield Array Commissioning Survey: A Low-Frequency Catalogue of 14 110 Compact Radio Sources over 6 100 Square Degrees}",
  journal = {PASA},
archivePrefix = "arXiv",
   eprint = {1410.0790},
 primaryClass = "astro-ph.IM",
 keywords = {radio continuum: general, surveys, techniques: interferometric},
     year = 2014,
    month = nov,
   volume = 31,
      eid = {e045},
    pages = {45},
      doi = {10.1017/pasa.2014.40},
   adsurl = {http://adsabs.harvard.edu/abs/2014PASA...31...45H},
  adsnote = {Provided by the SAO/NASA Astrophysics Data System}
}

@ARTICLE{intema_et_al_2009,
   author = {{Intema}, H.~T. and {van der Tol}, S. and {Cotton}, W.~D. and 
	{Cohen}, A.~S. and {van Bemmel}, I.~M. and {R{\"o}ttgering}, H.~J.~A.
	},
    title = "{Ionospheric calibration of low frequency radio interferometric observations using the peeling scheme. I. Method description and first results}",
  journal = {\aap},
archivePrefix = "arXiv",
   eprint = {0904.3975},
 primaryClass = "astro-ph.IM",
 keywords = {atmospheric effects, methods: numerical, techniques: interferometric},
     year = 2009,
    month = jul,
   volume = 501,
    pages = {1185-1205},
      doi = {10.1051/0004-6361/200811094},
   adsurl = {http://adsabs.harvard.edu/abs/2009A%26A...501.1185I},
  adsnote = {Provided by the SAO/NASA Astrophysics Data System}
}

@ARTICLE{ivezic_et_al_2008,
   author = {{Ivezic}, Z. and {Tyson}, J.~A. and {Abel}, B. and {Acosta}, E. and 
	{Allsman}, R. and {AlSayyad}, Y. and {Anderson}, S.~F. and {Andrew}, J. and 
	{Angel}, R. and {Angeli}, G. and {Ansari}, R. and {Antilogus}, P. and 
	{Arndt}, K.~T. and {Astier}, P. and {Aubourg}, E. and {Axelrod}, T. and 
	{Bard}, D.~J. and {Barr}, J.~D. and {Barrau}, A. and {Bartlett}, J.~G. and 
	{Bauman}, B.~J. and {Beaumont}, S. and {Becker}, A.~C. and {Becla}, J. and 
	{Beldica}, C. and {Bellavia}, S. and {Blanc}, G. and {Blandford}, R.~D. and 
	{Bloom}, J.~S. and {Bogart}, J. and {Borne}, K. and {Bosch}, J.~F. and 
	{Boutigny}, D. and {Brandt}, W.~N. and {Brown}, M.~E. and {Bullock}, J.~S. and 
	{Burchat}, P. and {Burke}, D.~L. and {Cagnoli}, G. and {Calabrese}, D. and 
	{Chandrasekharan}, S. and {Chesley}, S. and {Cheu}, E.~C. and 
	{Chiang}, J. and {Claver}, C.~F. and {Connolly}, A.~J. and {Cook}, K.~H. and 
	{Cooray}, A. and {Covey}, K.~R. and {Cribbs}, C. and {Cui}, W. and 
	{Cutri}, R. and {Daubard}, G. and {Daues}, G. and {Delgado}, F. and 
	{Digel}, S. and {Doherty}, P. and {Dubois}, R. and {Dubois-Felsmann}, G.~P. and 
	{Durech}, J. and {Eracleous}, M. and {Ferguson}, H. and {Frank}, J. and 
	{Freemon}, M. and {Gangler}, E. and {Gawiser}, E. and {Geary}, J.~C. and 
	{Gee}, P. and {Geha}, M. and {Gibson}, R.~R. and {Gilmore}, D.~K. and 
	{Glanzman}, T. and {Goodenow}, I. and {Gressler}, W.~J. and 
	{Gris}, P. and {Guyonnet}, A. and {Hascall}, P.~A. and {Haupt}, J. and 
	{Hernandez}, F. and {Hogan}, C. and {Huang}, D. and {Huffer}, M.~E. and 
	{Innes}, W.~R. and {Jacoby}, S.~H. and {Jain}, B. and {Jee}, J. and 
	{Jernigan}, J.~G. and {Jevremovic}, D. and {Johns}, K. and {Jones}, R.~L. and 
	{Juramy-Gilles}, C. and {Juric}, M. and {Kahn}, S.~M. and {Kalirai}, J.~S. and 
	{Kallivayalil}, N. and {Kalmbach}, B. and {Kantor}, J.~P. and 
	{Kasliwal}, M.~M. and {Kessler}, R. and {Kirkby}, D. and {Knox}, L. and 
	{Kotov}, I. and {Krabbendam}, V.~L. and {Krughoff}, S. and {Kubanek}, P. and 
	{Kuczewski}, J. and {Kulkarni}, S. and {Lambert}, R. and {Le Guillou}, L. and 
	{Levine}, D. and {Liang}, M. and {Lim}, K. and {Lintott}, C. and 
	{Lupton}, R.~H. and {Mahabal}, A. and {Marshall}, P. and {Marshall}, S. and 
	{May}, M. and {McKercher}, R. and {Migliore}, M. and {Miller}, M. and 
	{Mills}, D.~J. and {Monet}, D.~G. and {Moniez}, M. and {Neill}, D.~R. and 
	{Nief}, J. and {Nomerotski}, A. and {Nordby}, M. and {O'Connor}, P. and 
	{Oliver}, J. and {Olivier}, S.~S. and {Olsen}, K. and {Ortiz}, S. and 
	{Owen}, R.~E. and {Pain}, R. and {Peterson}, J.~R. and {Petry}, C.~E. and 
	{Pierfederici}, F. and {Pietrowicz}, S. and {Pike}, R. and {Pinto}, P.~A. and 
	{Plante}, R. and {Plate}, S. and {Price}, P.~A. and {Prouza}, M. and 
	{Radeka}, V. and {Rajagopal}, J. and {Rasmussen}, A. and {Regnault}, N. and 
	{Ridgway}, S.~T. and {Ritz}, S. and {Rosing}, W. and {Roucelle}, C. and 
	{Rumore}, M.~R. and {Russo}, S. and {Saha}, A. and {Sassolas}, B. and 
	{Schalk}, T.~L. and {Schindler}, R.~H. and {Schneider}, D.~P. and 
	{Schumacher}, G. and {Sebag}, J. and {Sembroski}, G.~H. and 
	{Seppala}, L.~G. and {Shipsey}, I. and {Silvestri}, N. and {Smith}, J.~A. and 
	{Smith}, R.~C. and {Strauss}, M.~A. and {Stubbs}, C.~W. and 
	{Sweeney}, D. and {Szalay}, A. and {Takacs}, P. and {Thaler}, J.~J. and 
	{Van Berg}, R. and {Vanden Berk}, D. and {Vetter}, K. and {Virieux}, F. and 
	{Xin}, B. and {Walkowicz}, L. and {Walter}, C.~W. and {Wang}, D.~L. and 
	{Warner}, M. and {Willman}, B. and {Wittman}, D. and {Wolff}, S.~C. and 
	{Wood-Vasey}, W.~M. and {Yoachim}, P. and {Zhan}, H. and {for the LSST Collaboration}
	},
    title = "{LSST: from Science Drivers to Reference Design and Anticipated Data Products}",
  journal = {ArXiv e-prints},
archivePrefix = "arXiv",
   eprint = {0805.2366},
 keywords = {Astrophysics},
     year = 2008,
    month = may,
   adsurl = {http://adsabs.harvard.edu/abs/2008arXiv0805.2366I},
  adsnote = {Provided by the SAO/NASA Astrophysics Data System}
}

@ARTICLE{jacobs_et_al_2011,
   author = {{Jacobs}, D.~C. and {Aguirre}, J.~E. and {Parsons}, A.~R. and 
	{Pober}, J.~C. and {Bradley}, R.~F. and {Carilli}, C.~L. and 
	{Gugliucci}, N.~E. and {Manley}, J.~R. and {van der Merwe}, C. and 
	{Moore}, D.~F. and {Parashare}, C.~R.},
    title = "{New 145 MHz Source Measurements by PAPER in the Southern Sky}",
  journal = {\apjl},
archivePrefix = "arXiv",
   eprint = {1105.1367},
 primaryClass = "astro-ph.CO",
 keywords = {catalogs, dark ages, reionization, first stars, instrumentation: interferometers},
     year = 2011,
    month = jun,
   volume = 734,
      eid = {L34},
    pages = {L34},
      doi = {10.1088/2041-8205/734/2/L34},
   adsurl = {http://adsabs.harvard.edu/abs/2011ApJ...734L..34J},
  adsnote = {Provided by the SAO/NASA Astrophysics Data System}
}

@ARTICLE{jacobs_et_al_2013,
   author = {{Jacobs}, D.~C. and {Parsons}, A.~R. and {Aguirre}, J.~E. and 
	{Ali}, Z. and {Bowman}, J. and {Bradley}, R.~F. and {Carilli}, C.~L. and 
	{DeBoer}, D.~R. and {Dexter}, M.~R. and {Gugliucci}, N.~E. and 
	{Klima}, P. and {MacMahon}, D.~H.~E. and {Manley}, J.~R. and 
	{Moore}, D.~F. and {Pober}, J.~C. and {Stefan}, I.~I. and {Walbrugh}, W.~P.
	},
    title = "{A Flux Scale for Southern Hemisphere 21 cm Epoch of Reionization Experiments}",
  journal = {\apj},
archivePrefix = "arXiv",
   eprint = {1307.7716},
 keywords = {dark ages, reionization, first stars, catalogs, instrumentation: interferometers},
     year = 2013,
    month = oct,
   volume = 776,
      eid = {108},
    pages = {108},
      doi = {10.1088/0004-637X/776/2/108},
   adsurl = {http://adsabs.harvard.edu/abs/2013ApJ...776..108J},
  adsnote = {Provided by the SAO/NASA Astrophysics Data System}
}

@ARTICLE{jacobs_et_al_2015,
   author = {{Jacobs}, D.~C. and {Pober}, J.~C. and {Parsons}, A.~R. and 
	{Aguirre}, J.~E. and {Ali}, Z.~S. and {Bowman}, J. and {Bradley}, R.~F. and 
	{Carilli}, C.~L. and {DeBoer}, D.~R. and {Dexter}, M.~R. and 
	{Gugliucci}, N.~E. and {Klima}, P. and {Liu}, A. and {MacMahon}, D.~H.~E. and 
	{Manley}, J.~R. and {Moore}, D.~F. and {Stefan}, I.~I. and {Walbrugh}, W.~P.
	},
    title = "{Multiredshift Limits on the 21 cm Power Spectrum from PAPER}",
  journal = {\apj},
archivePrefix = "arXiv",
   eprint = {1408.3389},
 keywords = {dark ages, reionization, first stars, techniques: interferometric},
     year = 2015,
    month = mar,
   volume = 801,
      eid = {51},
    pages = {51},
      doi = {10.1088/0004-637X/801/1/51},
   adsurl = {http://adsabs.harvard.edu/abs/2015ApJ...801...51J},
  adsnote = {Provided by the SAO/NASA Astrophysics Data System}
}

@ARTICLE{jelic_et_al_2014,
   author = {{Jeli{\'c}}, V. and {de Bruyn}, A.~G. and {Mevius}, M. and {Abdalla}, F.~B. and 
	{Asad}, K.~M.~B. and {Bernardi}, G. and {Brentjens}, M.~A. and 
	{Bus}, S. and {Chapman}, E. and {Ciardi}, B. and {Daiboo}, S. and 
	{Fernandez}, E.~R. and {Ghosh}, A. and {Harker}, G. and {Jensen}, H. and 
	{Kazemi}, S. and {Koopmans}, L.~V.~E. and {Labropoulos}, P. and 
	{Martinez-Rubi}, O. and {Mellema}, G. and {Offringa}, A.~R. and 
	{Pandey}, V.~N. and {Patil}, A.~H. and {Thomas}, R.~M. and {Vedantham}, H.~K. and 
	{Veligatla}, V. and {Yatawatta}, S. and {Zaroubi}, S. and {Alexov}, A. and 
	{Anderson}, J. and {Avruch}, I.~M. and {Beck}, R. and {Bell}, M.~E. and 
	{Bentum}, M.~J. and {Best}, P. and {Bonafede}, A. and {Bregman}, J. and 
	{Breitling}, F. and {Broderick}, J. and {Brouw}, W.~N. and {Br{\"u}ggen}, M. and 
	{Butcher}, H.~R. and {Conway}, J.~E. and {de Gasperin}, F. and 
	{de Geus}, E. and {Deller}, A. and {Dettmar}, R.-J. and {Duscha}, S. and 
	{Eisl{\"o}ffel}, J. and {Engels}, D. and {Falcke}, H. and {Fallows}, R.~A. and 
	{Fender}, R. and {Ferrari}, C. and {Frieswijk}, W. and {Garrett}, M.~A. and 
	{Grie{\ss}meier}, J. and {Gunst}, A.~W. and {Hamaker}, J.~P. and 
	{Hassall}, T.~E. and {Haverkorn}, M. and {Heald}, G. and {Hessels}, J.~W.~T. and 
	{Hoeft}, M. and {H{\"o}randel}, J. and {Horneffer}, A. and {van der Horst}, A. and 
	{Iacobelli}, M. and {Juette}, E. and {Karastergiou}, A. and 
	{Kondratiev}, V.~I. and {Kramer}, M. and {Kuniyoshi}, M. and 
	{Kuper}, G. and {van Leeuwen}, J. and {Maat}, P. and {Mann}, G. and 
	{McKay-Bukowski}, D. and {McKean}, J.~P. and {Munk}, H. and 
	{Nelles}, A. and {Norden}, M.~J. and {Paas}, H. and {Pandey-Pommier}, M. and 
	{Pietka}, G. and {Pizzo}, R. and {Polatidis}, A.~G. and {Reich}, W. and 
	{R{\"o}ttgering}, H. and {Rowlinson}, A. and {Scaife}, A.~M.~M. and 
	{Schwarz}, D. and {Serylak}, M. and {Smirnov}, O. and {Steinmetz}, M. and 
	{Stewart}, A. and {Tagger}, M. and {Tang}, Y. and {Tasse}, C. and 
	{ter Veen}, S. and {Thoudam}, S. and {Toribio}, C. and {Vermeulen}, R. and 
	{Vocks}, C. and {van Weeren}, R.~J. and {Wijers}, R.~A.~M.~J. and 
	{Wijnholds}, S.~J. and {Wucknitz}, O. and {Zarka}, P.},
    title = "{Initial LOFAR observations of epoch of reionization windows. II. Diffuse polarized emission in the ELAIS-N1 field}",
  journal = {\aap},
archivePrefix = "arXiv",
   eprint = {1407.2093},
 keywords = {radio continuum: ISM, techniques: interferometric, techniques: polarimetric, cosmology: observations, diffuse radiation, dark ages, reionization, first stars},
     year = 2014,
    month = aug,
   volume = 568,
      eid = {A101},
    pages = {A101},
      doi = {10.1051/0004-6361/201423998},
   adsurl = {http://adsabs.harvard.edu/abs/2014A%26A...568A.101J},
  adsnote = {Provided by the SAO/NASA Astrophysics Data System}
}

@ARTICLE{kazemi_et_al_2013,
   author = {{Kazemi}, S. and {Yatawatta}, S. and {Zaroubi}, S.},
    title = "{Clustered calibration: an improvement to radio interferometric direction-dependent self-calibration}",
  journal = {\mnras},
archivePrefix = "arXiv",
   eprint = {1301.0633},
 primaryClass = "astro-ph.IM",
 keywords = {methods: numerical, methods: statistical, techniques: interferometric},
     year = 2013,
    month = apr,
   volume = 430,
    pages = {1457-1472},
      doi = {10.1093/mnras/stt018},
   adsurl = {http://adsabs.harvard.edu/abs/2013MNRAS.430.1457K},
  adsnote = {Provided by the SAO/NASA Astrophysics Data System}
}

@ARTICLE{la_plante_et_al_2014,
   author = {{La Plante}, P. and {Battaglia}, N. and {Natarajan}, A. and 
	{Peterson}, J.~B. and {Trac}, H. and {Cen}, R. and {Loeb}, A.
	},
    title = "{Reionization on Large Scales. IV. Predictions for the 21 cm Signal Incorporating the Light Cone Effect}",
  journal = {\apj},
archivePrefix = "arXiv",
   eprint = {1309.7056},
 keywords = {cosmology: theory, intergalactic medium, large-scale structure of universe, methods: numerical},
     year = 2014,
    month = jul,
   volume = 789,
      eid = {31},
    pages = {31},
      doi = {10.1088/0004-637X/789/1/31},
   adsurl = {http://adsabs.harvard.edu/abs/2014ApJ...789...31L},
  adsnote = {Provided by the SAO/NASA Astrophysics Data System}
}

@ARTICLE{large_et_al_1981,
   author = {{Large}, M.~I. and {Mills}, B.~Y. and {Little}, A.~G. and {Crawford}, D.~F. and 
	{Sutton}, J.~M.},
    title = "{The Molonglo Reference Catalogue of Radio Sources}",
  journal = {\mnras},
     year = 1981,
    month = feb,
   volume = 194,
    pages = {693},
   adsurl = {http://adsabs.harvard.edu/abs/1981MNRAS.194..693L},
  adsnote = {Provided by the SAO/NASA Astrophysics Data System}
}

@ARTICLE{larson_et_al_2011,
   author = {{Larson}, D. and {Dunkley}, J. and {Hinshaw}, G. and {Komatsu}, E. and 
	{Nolta}, M.~R. and {Bennett}, C.~L. and {Gold}, B. and {Halpern}, M. and 
	{Hill}, R.~S. and {Jarosik}, N. and {Kogut}, A. and {Limon}, M. and 
	{Meyer}, S.~S. and {Odegard}, N. and {Page}, L. and {Smith}, K.~M. and 
	{Spergel}, D.~N. and {Tucker}, G.~S. and {Weiland}, J.~L. and 
	{Wollack}, E. and {Wright}, E.~L.},
    title = "{Seven-year Wilkinson Microwave Anisotropy Probe (WMAP) Observations: Power Spectra and WMAP-derived Parameters}",
  journal = {\apjs},
archivePrefix = "arXiv",
   eprint = {1001.4635},
 primaryClass = "astro-ph.CO",
 keywords = {cosmic background radiation, cosmological parameters, cosmology: observations, dark matter, early universe, space vehicles: instruments},
     year = 2011,
    month = feb,
   volume = 192,
      eid = {16},
    pages = {16},
      doi = {10.1088/0067-0049/192/2/16},
   adsurl = {http://adsabs.harvard.edu/abs/2011ApJS..192...16L},
  adsnote = {Provided by the SAO/NASA Astrophysics Data System}
}

@ARTICLE{lentati_et_al_2014,
   author = {{Lentati}, L. and {Alexander}, P. and {Hobson}, M.~P. and {Feroz}, F. and 
	{van Haasteren}, R. and {Lee}, K.~J. and {Shannon}, R.~M.},
    title = "{TEMPONEST: a Bayesian approach to pulsar timing analysis}",
  journal = {\mnras},
archivePrefix = "arXiv",
   eprint = {1310.2120},
 primaryClass = "astro-ph.IM",
 keywords = {methods: data analysis, pulsars: general, pulsars: individual: B1937+21},
     year = 2014,
    month = jan,
   volume = 437,
    pages = {3004-3023},
      doi = {10.1093/mnras/stt2122},
   adsurl = {http://adsabs.harvard.edu/abs/2014MNRAS.437.3004L},
  adsnote = {Provided by the SAO/NASA Astrophysics Data System}
}

@ARTICLE{lidz_et_al_2008,
   author = {{Lidz}, A. and {Zahn}, O. and {McQuinn}, M. and {Zaldarriaga}, M. and 
	{Hernquist}, L.},
    title = "{Detecting the Rise and Fall of 21 cm Fluctuations with the Murchison Widefield Array}",
  journal = {\apj},
archivePrefix = "arXiv",
   eprint = {0711.4373},
 keywords = {Cosmology: Theory, Galaxies: Intergalactic Medium, Cosmology: Large-Scale Structure of Universe},
     year = 2008,
    month = jun,
   volume = 680,
    pages = {962-974},
      doi = {10.1086/587618},
   adsurl = {http://adsabs.harvard.edu/abs/2008ApJ...680..962L},
  adsnote = {Provided by the SAO/NASA Astrophysics Data System}
}

@ARTICLE{lidz_et_al_2011,
   author = {{Lidz}, A. and {Furlanetto}, S.~R. and {Oh}, S.~P. and {Aguirre}, J. and 
	{Chang}, T.-C. and {Dor{\'e}}, O. and {Pritchard}, J.~R.},
    title = "{Intensity Mapping with Carbon Monoxide Emission Lines and the Redshifted 21 cm Line}",
  journal = {\apj},
archivePrefix = "arXiv",
   eprint = {1104.4800},
 keywords = {cosmology: theory, intergalactic medium, large-scale structure of universe},
     year = 2011,
    month = nov,
   volume = 741,
      eid = {70},
    pages = {70},
      doi = {10.1088/0004-637X/741/2/70},
   adsurl = {http://adsabs.harvard.edu/abs/2011ApJ...741...70L},
  adsnote = {Provided by the SAO/NASA Astrophysics Data System}
}

@ARTICLE{liu_et_al_2009,
   author = {{Liu}, A. and {Tegmark}, M. and {Bowman}, J. and {Hewitt}, J. and 
	{Zaldarriaga}, M.},
    title = "{An improved method for 21-cm foreground removal}",
  journal = {\mnras},
archivePrefix = "arXiv",
   eprint = {0903.4890},
 primaryClass = "astro-ph.CO",
 keywords = {methods: data analysis , techniques: interferometric , early Universe , radio lines: general},
     year = 2009,
    month = sep,
   volume = 398,
    pages = {401-406},
      doi = {10.1111/j.1365-2966.2009.15156.x},
   adsurl = {http://adsabs.harvard.edu/abs/2009MNRAS.398..401L},
  adsnote = {Provided by the SAO/NASA Astrophysics Data System}
}

@ARTICLE{liu_et_al_2010,
   author = {{Liu}, A. and {Tegmark}, M. and {Morrison}, S. and {Lutomirski}, A. and 
	{Zaldarriaga}, M.},
    title = "{Precision calibration of radio interferometers using redundant baselines}",
  journal = {\mnras},
archivePrefix = "arXiv",
   eprint = {1001.5268},
 primaryClass = "astro-ph.IM",
 keywords = {instrumentation: interferometers, methods: data analysis, cosmology: observations, radio continuum: general},
     year = 2010,
    month = oct,
   volume = 408,
    pages = {1029-1050},
      doi = {10.1111/j.1365-2966.2010.17174.x},
   adsurl = {http://adsabs.harvard.edu/abs/2010MNRAS.408.1029L},
  adsnote = {Provided by the SAO/NASA Astrophysics Data System}
}

@ARTICLE{liu_and_tegmark_2011,
   author = {{Liu}, A. and {Tegmark}, M.},
    title = "{A method for 21 cm power spectrum estimation in the presence of foregrounds}",
  journal = {\prd},
archivePrefix = "arXiv",
   eprint = {1103.0281},
 primaryClass = "astro-ph.CO",
 keywords = {Observation and data reduction techniques; computer modeling and simulation, Mathematical procedures and computer techniques, Observational cosmology},
     year = 2011,
    month = may,
   volume = 83,
   number = 10,
      eid = {103006},
    pages = {103006},
      doi = {10.1103/PhysRevD.83.103006},
   adsurl = {http://adsabs.harvard.edu/abs/2011PhRvD..83j3006L},
  adsnote = {Provided by the SAO/NASA Astrophysics Data System}
}

@ARTICLE{liu_et_al_2014a,
   author = {{Liu}, A. and {Parsons}, A.~R. and {Trott}, C.~M.},
    title = "{Epoch of reionization window. I. Mathematical formalism}",
  journal = {\prd},
archivePrefix = "arXiv",
   eprint = {1404.2596},
 keywords = {Observation and data reduction techniques, computer modeling and simulation, Mathematical procedures and computer techniques, Cosmology, Observational cosmology},
     year = 2014,
    month = jul,
   volume = 90,
   number = 2,
      eid = {023018},
    pages = {023018},
      doi = {10.1103/PhysRevD.90.023018},
   adsurl = {http://adsabs.harvard.edu/abs/2014PhRvD..90b3018L},
  adsnote = {Provided by the SAO/NASA Astrophysics Data System}
}

@ARTICLE{liu_et_al_2014b,
   author = {{Liu}, A. and {Parsons}, A.~R. and {Trott}, C.~M.},
    title = "{Epoch of reionization window. II. Statistical methods for foreground wedge reduction}",
  journal = {\prd},
archivePrefix = "arXiv",
   eprint = {1404.4372},
 keywords = {Observation and data reduction techniques, computer modeling and simulation, Mathematical procedures and computer techniques, Cosmology, Observational cosmology},
     year = 2014,
    month = jul,
   volume = 90,
   number = 2,
      eid = {023019},
    pages = {023019},
      doi = {10.1103/PhysRevD.90.023019},
   adsurl = {http://adsabs.harvard.edu/abs/2014PhRvD..90b3019L},
  adsnote = {Provided by the SAO/NASA Astrophysics Data System}
}

@ARTICLE{loeb_and_zaldarriaga_2004,
   author = {{Loeb}, A. and {Zaldarriaga}, M.},
    title = "{Measuring the Small-Scale Power Spectrum of Cosmic Density Fluctuations through 21cm Tomography Prior to the Epoch of Structure Formation}",
  journal = {Physical Review Letters},
   eprint = {astro-ph/0312134},
 keywords = {Background radiations, Radiative transfer, scattering, Galaxy groups clusters and superclusters, large scale structure of the Universe, Observational cosmology},
     year = 2004,
    month = may,
   volume = 92,
   number = 21,
      eid = {211301},
    pages = {211301},
      doi = {10.1103/PhysRevLett.92.211301},
   adsurl = {http://adsabs.harvard.edu/abs/2004PhRvL..92u1301L},
  adsnote = {Provided by the SAO/NASA Astrophysics Data System}
}

@BOOK{loeb_and_furlanetto_2013,
   author = {{Loeb}, A. and {Furlanetto}, S.~R.},
    title = "{The First Galaxies in the Universe}",
booktitle = {The First Galaxies in the Universe, by Abraham Loeb and Steven R.~Furlanetto.~ ISBN: 9780691144917.~ Princeton, NJ: Princeton University Press},
     year = 2013,
   adsurl = {http://adsabs.harvard.edu/abs/2013fgu..book.....L},
  adsnote = {Provided by the SAO/NASA Astrophysics Data System}
}

@ARTICLE{lonsdale_et_al_2009,
   author = {{Lonsdale}, C.~J. and {Cappallo}, R.~J. and {Morales}, M.~F. and 
	{Briggs}, F.~H. and {Benkevitch}, L. and {Bowman}, J.~D. and 
	{Bunton}, J.~D. and {Burns}, S. and {Corey}, B.~E. and {Desouza}, L. and 
	{Doeleman}, S.~S. and {Derome}, M. and {Deshpande}, A. and {Gopala}, M.~R. and 
	{Greenhill}, L.~J. and {Herne}, D.~E. and {Hewitt}, J.~N. and 
	{Kamini}, P.~A. and {Kasper}, J.~C. and {Kincaid}, B.~B. and 
	{Kocz}, J. and {Kowald}, E. and {Kratzenberg}, E. and {Kumar}, D. and 
	{Lynch}, M.~J. and {Madhavi}, S. and {Matejek}, M. and {Mitchell}, D.~A. and 
	{Morgan}, E. and {Oberoi}, D. and {Ord}, S. and {Pathikulangara}, J. and 
	{Prabu}, T. and {Rogers}, A. and {Roshi}, A. and {Salah}, J.~E. and 
	{Sault}, R.~J. and {Shankar}, N.~U. and {Srivani}, K.~S. and 
	{Stevens}, J. and {Tingay}, S. and {Vaccarella}, A. and {Waterson}, M. and 
	{Wayth}, R.~B. and {Webster}, R.~L. and {Whitney}, A.~R. and 
	{Williams}, A. and {Williams}, C.},
    title = "{The Murchison Widefield Array: Design Overview}",
  journal = {IEEE Proceedings},
archivePrefix = "arXiv",
   eprint = {0903.1828},
 primaryClass = "astro-ph.IM",
     year = 2009,
    month = aug,
   volume = 97,
    pages = {1497-1506},
      doi = {10.1109/JPROC.2009.2017564},
   adsurl = {http://adsabs.harvard.edu/abs/2009IEEEP..97.1497L},
  adsnote = {Provided by the SAO/NASA Astrophysics Data System}
}

@ARTICLE{lorimer_et_al_2007,
   author = {{Lorimer}, D.~R. and {Bailes}, M. and {McLaughlin}, M.~A. and 
	{Narkevic}, D.~J. and {Crawford}, F.},
    title = "{A Bright Millisecond Radio Burst of Extragalactic Origin}",
  journal = {Science},
archivePrefix = "arXiv",
   eprint = {0709.4301},
     year = 2007,
    month = nov,
   volume = 318,
    pages = {777-},
      doi = {10.1126/science.1147532},
   adsurl = {http://adsabs.harvard.edu/abs/2007Sci...318..777L},
  adsnote = {Provided by the SAO/NASA Astrophysics Data System}
}

@ARTICLE{mao_2014,
   author = {{Mao}, X.-C.},
    title = "{Probing Reionization with the Cross-power Spectrum of 21 cm and Near-infrared Radiation Backgrounds}",
  journal = {\apj},
archivePrefix = "arXiv",
   eprint = {1406.4215},
 keywords = {cosmology: theory, diffuse radiation, intergalactic medium, large-scale structure of universe},
     year = 2014,
    month = aug,
   volume = 790,
      eid = {148},
    pages = {148},
      doi = {10.1088/0004-637X/790/2/148},
   adsurl = {http://adsabs.harvard.edu/abs/2014ApJ...790..148M},
  adsnote = {Provided by the SAO/NASA Astrophysics Data System}
}

@ARTICLE{masui_et_al_2013,
   author = {{Masui}, K.~W. and {Switzer}, E.~R. and {Banavar}, N. and {Bandura}, K. and 
	{Blake}, C. and {Calin}, L.-M. and {Chang}, T.-C. and {Chen}, X. and 
	{Li}, Y.-C. and {Liao}, Y.-W. and {Natarajan}, A. and {Pen}, U.-L. and 
	{Peterson}, J.~B. and {Shaw}, J.~R. and {Voytek}, T.~C.},
    title = "{Measurement of 21 cm Brightness Fluctuations at z \~{} 0.8 in Cross-correlation}",
  journal = {\apjl},
archivePrefix = "arXiv",
   eprint = {1208.0331},
 primaryClass = "astro-ph.CO",
 keywords = {galaxies: evolution, large-scale structure of universe, radio lines: galaxies},
     year = 2013,
    month = jan,
   volume = 763,
      eid = {L20},
    pages = {L20},
      doi = {10.1088/2041-8205/763/1/L20},
   adsurl = {http://adsabs.harvard.edu/abs/2013ApJ...763L..20M},
  adsnote = {Provided by the SAO/NASA Astrophysics Data System}
}

@ARTICLE{mcgreer_et_al_2015,
   author = {{McGreer}, I.~D. and {Mesinger}, A. and {D'Odorico}, V.},
    title = "{Model-independent evidence in favour of an end to reionization by z {\ap} 6}",
  journal = {\mnras},
archivePrefix = "arXiv",
   eprint = {1411.5375},
 keywords = {galaxies: high-redshift, quasars: absorption lines, cosmology: observations, dark ages, reionization, first stars, diffuse radiation, early Universe},
     year = 2015,
    month = feb,
   volume = 447,
    pages = {499-505},
      doi = {10.1093/mnras/stu2449},
   adsurl = {http://adsabs.harvard.edu/abs/2015MNRAS.447..499M},
  adsnote = {Provided by the SAO/NASA Astrophysics Data System}
}

@ARTICLE{mcquinn_et_al_2006,
   author = {{McQuinn}, M. and {Zahn}, O. and {Zaldarriaga}, M. and {Hernquist}, L. and 
	{Furlanetto}, S.~R.},
    title = "{Cosmological Parameter Estimation Using 21 cm Radiation from the Epoch of Reionization}",
  journal = {\apj},
   eprint = {astro-ph/0512263},
 keywords = {Cosmology: Theory, Galaxies: Intergalactic Medium, Radio Lines: General},
     year = 2006,
    month = dec,
   volume = 653,
    pages = {815-834},
      doi = {10.1086/505167},
   adsurl = {http://adsabs.harvard.edu/abs/2006ApJ...653..815M},
  adsnote = {Provided by the SAO/NASA Astrophysics Data System}
}

@ARTICLE{mcquinn_2012,
   author = {{McQuinn}, M.},
    title = "{Constraints on X-ray emissions from the reionization era}",
  journal = {\mnras},
archivePrefix = "arXiv",
   eprint = {1206.1335},
 keywords = {quasars: absorption lines, cosmology: theory, large-scale structure of Universe},
     year = 2012,
    month = oct,
   volume = 426,
    pages = {1349-1360},
      doi = {10.1111/j.1365-2966.2012.21792.x},
   adsurl = {http://adsabs.harvard.edu/abs/2012MNRAS.426.1349M},
  adsnote = {Provided by the SAO/NASA Astrophysics Data System}
}

@ARTICLE{mcquinn_and_oleary_2012,
   author = {{McQuinn}, M. and {O'Leary}, R.~M.},
    title = "{The Impact of the Supersonic Baryon-Dark Matter Velocity Difference on the z \~{} 20 21 cm Background}",
  journal = {\apj},
archivePrefix = "arXiv",
   eprint = {1204.1345},
 keywords = {cosmology: theory, dark ages, reionization, first stars, galaxies: formation, galaxies: high-redshift, stars: Population III},
     year = 2012,
    month = nov,
   volume = 760,
      eid = {3},
    pages = {3},
      doi = {10.1088/0004-637X/760/1/3},
   adsurl = {http://adsabs.harvard.edu/abs/2012ApJ...760....3M},
  adsnote = {Provided by the SAO/NASA Astrophysics Data System}
}

@ARTICLE{mellema_et_al_2013,
   author = {{Mellema}, G. and {Koopmans}, L.~V.~E. and {Abdalla}, F.~A. and 
	{Bernardi}, G. and {Ciardi}, B. and {Daiboo}, S. and {de Bruyn}, A.~G. and 
	{Datta}, K.~K. and {Falcke}, H. and {Ferrara}, A. and {Iliev}, I.~T. and 
	{Iocco}, F. and {Jeli{\'c}}, V. and {Jensen}, H. and {Joseph}, R. and 
	{Labroupoulos}, P. and {Meiksin}, A. and {Mesinger}, A. and 
	{Offringa}, A.~R. and {Pandey}, V.~N. and {Pritchard}, J.~R. and 
	{Santos}, M.~G. and {Schwarz}, D.~J. and {Semelin}, B. and {Vedantham}, H. and 
	{Yatawatta}, S. and {Zaroubi}, S.},
    title = "{Reionization and the Cosmic Dawn with the Square Kilometre Array}",
  journal = {Experimental Astronomy},
archivePrefix = "arXiv",
   eprint = {1210.0197},
 primaryClass = "astro-ph.CO",
 keywords = {Cosmology: Observations, Dark ages, Reionization, First stars, Diffuse radiation, Intergalactic medium, Radio lines: General, Techniques: Interferometric},
     year = 2013,
    month = aug,
   volume = 36,
    pages = {235-318},
      doi = {10.1007/s10686-013-9334-5},
   adsurl = {http://adsabs.harvard.edu/abs/2013ExA....36..235M},
  adsnote = {Provided by the SAO/NASA Astrophysics Data System}
}

@ARTICLE{mesinger_and_furlanetto_2007,
   author = {{Mesinger}, A. and {Furlanetto}, S.},
    title = "{Efficient Simulations of Early Structure Formation and Reionization}",
  journal = {\apj},
archivePrefix = "arXiv",
   eprint = {0704.0946},
 keywords = {Cosmology: Theory, Cosmology: Early Universe, Galaxies: Evolution, Galaxies: Formation, Galaxies: High-Redshift},
     year = 2007,
    month = nov,
   volume = 669,
    pages = {663-675},
      doi = {10.1086/521806},
   adsurl = {http://adsabs.harvard.edu/abs/2007ApJ...669..663M},
  adsnote = {Provided by the SAO/NASA Astrophysics Data System}
}

@ARTICLE{mesinger_et_al_2011,
   author = {{Mesinger}, A. and {Furlanetto}, S. and {Cen}, R.},
    title = "{21CMFAST: a fast, seminumerical simulation of the high-redshift 21-cm signal}",
  journal = {\mnras},
archivePrefix = "arXiv",
   eprint = {1003.3878},
 primaryClass = "astro-ph.CO",
 keywords = {methods: numerical, galaxies: high redshift, dark ages, reionization, first stars, diffuse radiation, early Universe, large-scale structure of Universe},
     year = 2011,
    month = feb,
   volume = 411,
    pages = {955-972},
      doi = {10.1111/j.1365-2966.2010.17731.x},
   adsurl = {http://adsabs.harvard.edu/abs/2011MNRAS.411..955M},
  adsnote = {Provided by the SAO/NASA Astrophysics Data System}
}

@ARTICLE{mesinger_et_al_2012,
   author = {{Mesinger}, A. and {McQuinn}, M. and {Spergel}, D.~N.},
    title = "{The kinetic Sunyaev-Zel'dovich signal from inhomogeneous reionization: a parameter space study}",
  journal = {\mnras},
archivePrefix = "arXiv",
   eprint = {1112.1820},
 keywords = {galaxies: high-redshift, cosmic background radiation, dark ages, reionization, first stars, diffuse radiation, early Universe, large-scale structure of Universe},
     year = 2012,
    month = may,
   volume = 422,
    pages = {1403-1417},
      doi = {10.1111/j.1365-2966.2012.20713.x},
   adsurl = {http://adsabs.harvard.edu/abs/2012MNRAS.422.1403M},
  adsnote = {Provided by the SAO/NASA Astrophysics Data System}
}

@ARTICLE{mesinger_et_al_2013,
   author = {{Mesinger}, A. and {Ferrara}, A. and {Spiegel}, D.~S.},
    title = "{Signatures of X-rays in the early Universe}",
  journal = {\mnras},
archivePrefix = "arXiv",
   eprint = {1210.7319},
 keywords = {intergalactic medium, cosmology: theory, early Universe, dark ages, reionization, first stars, X-rays: galaxies},
     year = 2013,
    month = may,
   volume = 431,
    pages = {621-637},
      doi = {10.1093/mnras/stt198},
   adsurl = {http://adsabs.harvard.edu/abs/2013MNRAS.431..621M},
  adsnote = {Provided by the SAO/NASA Astrophysics Data System}
}

@PROCEEDINGS{mesinger_2016,
    title = "{Understanding the Epoch of Cosmic Reionization}",
 keywords = {Physics},
booktitle = {Understanding the Epoch of Cosmic Reionization: Challenges and Progress},
     year = 2016,
   series = {Astrophysics and Space Science Library},
   volume = 423,
   editor = {{Mesinger}, A.},
      doi = {10.1007/978-3-319-21957-8},
   adsurl = {http://adsabs.harvard.edu/abs/2016ASSL..423.....M},
  adsnote = {Provided by the SAO/NASA Astrophysics Data System}
}

@ARTICLE{mesinger_et_al_2016,
   author = {{Mesinger}, A. and {Greig}, B. and {Sobacchi}, E.},
    title = "{The Evolution Of 21 cm Structure (EOS): public, large-scale simulations of Cosmic Dawn and reionization}",
  journal = {\mnras},
archivePrefix = "arXiv",
   eprint = {1602.07711},
 keywords = {galaxies: evolution, intergalactic medium, cosmology: theory, dark ages, reionization, first stars, diffuse radiation, early Universe},
     year = 2016,
    month = jul,
   volume = 459,
    pages = {2342-2353},
      doi = {10.1093/mnras/stw831},
   adsurl = {http://adsabs.harvard.edu/abs/2016MNRAS.459.2342M},
  adsnote = {Provided by the SAO/NASA Astrophysics Data System}
}

@ARTICLE{mitchell_et_al_2008,
   author = {{Mitchell}, D.~A. and {Greenhill}, L.~J. and {Wayth}, R.~B. and 
	{Sault}, R.~J. and {Lonsdale}, C.~J. and {Cappallo}, R.~J. and 
	{Morales}, M.~F. and {Ord}, S.~M.},
    title = "{Real-Time Calibration of the Murchison Widefield Array}",
  journal = {IEEE Journal of Selected Topics in Signal Processing},
     year = 2008,
    month = nov,
   volume = 2,
    pages = {707-717},
      doi = {10.1109/JSTSP.2008.2005327},
   adsurl = {http://adsabs.harvard.edu/abs/2008ISTSP...2..707M},
  adsnote = {Provided by the SAO/NASA Astrophysics Data System}
}

@ARTICLE{mitchell_et_al_2012,
   author = {{Mitchell}, D.~A. and {Wayth}, R.~B. and {Bernardi}, G. and 
	{Greenhill}, L.~J. and {Ord}, S.~M.},
    title = "{Direction-Dependent Polarized Primary Beams in Wide-Field Synthesis Imaging}",
  journal = {Journal of Astronomical Instrumentation },
archivePrefix = "arXiv",
   eprint = {1206.0351},
 primaryClass = "astro-ph.IM",
 keywords = {wide-field synthesis imaging, polarization, snapshot imaging, direction-dependent gridding, Epoch of Reionization},
     year = 2012,
    month = dec,
   volume = 1,
      eid = {1250003-400},
    pages = {1250003-400},
      doi = {10.1142/S2251171712500031},
   adsurl = {http://adsabs.harvard.edu/abs/2012JAI.....150003M},
  adsnote = {Provided by the SAO/NASA Astrophysics Data System}
}

@ARTICLE{morales_and_hewitt_2004,
   author = {{Morales}, M.~F. and {Hewitt}, J.},
    title = "{Toward Epoch of Reionization Measurements with Wide-Field Radio Observations}",
  journal = {\apj},
   eprint = {astro-ph/0312437},
 keywords = {Cosmology: Observations, Cosmology: Early Universe, Radio Lines: General},
     year = 2004,
    month = nov,
   volume = 615,
    pages = {7-18},
      doi = {10.1086/424437},
   adsurl = {http://adsabs.harvard.edu/abs/2004ApJ...615....7M},
  adsnote = {Provided by the SAO/NASA Astrophysics Data System}
}

@ARTICLE{morales_2005,
   author = {{Morales}, M.~F.},
    title = "{Power Spectrum Sensitivity and the Design of Epoch of Reionization Observatories}",
  journal = {\apj},
   eprint = {astro-ph/0406662},
 keywords = {Cosmology: Observations, Radio Lines: General},
     year = 2005,
    month = feb,
   volume = 619,
    pages = {678-683},
      doi = {10.1086/426730},
   adsurl = {http://adsabs.harvard.edu/abs/2005ApJ...619..678M},
  adsnote = {Provided by the SAO/NASA Astrophysics Data System}
}

@ARTICLE{morales_et_al_2006,
   author = {{Morales}, M.~F. and {Bowman}, J.~D. and {Hewitt}, J.~N.},
    title = "{Improving Foreground Subtraction in Statistical Observations of 21 cm Emission from the Epoch of Reionization}",
  journal = {\apj},
   eprint = {arXiv:astro-ph/0510027},
 keywords = {Cosmology: Observations, Radio Lines: Galaxies},
     year = 2006,
    month = sep,
   volume = 648,
    pages = {767-773},
      doi = {10.1086/506135},
   adsurl = {http://adsabs.harvard.edu/abs/2006ApJ...648..767M},
  adsnote = {Provided by the SAO/NASA Astrophysics Data System}
}

@ARTICLE{morales_and_matejek_2009,
   author = {{Morales}, M.~F. and {Matejek}, M.},
    title = "{Software holography: interferometric data analysis for the challenges of next generation observatories}",
  journal = {\mnras},
archivePrefix = "arXiv",
   eprint = {0810.5107},
 keywords = {instrumentation: interferometers , techniques: interferometric , cosmology: miscellaneous},
     year = 2009,
    month = dec,
   volume = 400,
    pages = {1814-1820},
      doi = {10.1111/j.1365-2966.2009.15537.x},
   adsurl = {http://adsabs.harvard.edu/abs/2009MNRAS.400.1814M},
  adsnote = {Provided by the SAO/NASA Astrophysics Data System}
}


@ARTICLE{morales_and_wyithe_2011,
   author = {{Morales}, M.~F. and {Wyithe}, J.~S.~B.},
    title = "{Reionization and Cosmology with 21-cm Fluctuations}",
  journal = {\araa},
archivePrefix = "arXiv",
   eprint = {0910.3010},
 primaryClass = "astro-ph.CO",
     year = 2010,
    month = sep,
   volume = 48,
    pages = {127-171},
      doi = {10.1146/annurev-astro-081309-130936},
   adsurl = {http://adsabs.harvard.edu/abs/2010ARA%26A..48..127M},
  adsnote = {Provided by the SAO/NASA Astrophysics Data System}
}

@ARTICLE{morales_et_al_2012,
   author = {{Morales}, M.~F. and {Hazelton}, B. and {Sullivan}, I. and {Beardsley}, A.
	},
    title = "{Four Fundamental Foreground Power Spectrum Shapes for 21 cm Cosmology Observations}",
  journal = {\apj},
archivePrefix = "arXiv",
   eprint = {1202.3830},
 primaryClass = "astro-ph.IM",
 keywords = {cosmology: observations, methods: data analysis, techniques: interferometric},
     year = 2012,
    month = jun,
   volume = 752,
      eid = {137},
    pages = {137},
      doi = {10.1088/0004-637X/752/2/137},
   adsurl = {http://adsabs.harvard.edu/abs/2012ApJ...752..137M},
  adsnote = {Provided by the SAO/NASA Astrophysics Data System}
}

@ARTICLE{myers_et_al_2003,
   author = {{Myers}, S.~T. and {Contaldi}, C.~R. and {Bond}, J.~R. and {Pen}, U.-L. and 
	{Pogosyan}, D. and {Prunet}, S. and {Sievers}, J.~L. and {Mason}, B.~S. and 
	{Pearson}, T.~J. and {Readhead}, A.~C.~S. and {Shepherd}, M.~C.
	},
    title = "{A Fast Gridded Method for the Estimation of the Power Spectrum of the Cosmic Microwave Background from Interferometer Data with Application to the Cosmic Background Imager}",
  journal = {\apj},
   eprint = {astro-ph/0205385},
 keywords = {Cosmology: Cosmic Microwave Background, Methods: Data Analysis},
     year = 2003,
    month = jul,
   volume = 591,
    pages = {575-598},
      doi = {10.1086/375509},
   adsurl = {http://adsabs.harvard.edu/abs/2003ApJ...591..575M},
  adsnote = {Provided by the SAO/NASA Astrophysics Data System}
}

@ARTICLE{nasa2013,
   author = {{Kouveliotou}, C. and {Agol}, E. and {Batalha}, N. and {Bean}, J. and 
	{Bentz}, M. and {Cornish}, N. and {Dressler}, A. and {Figueroa-Feliciano}, E. and 
	{Gaudi}, S. and {Guyon}, O. and {Hartmann}, D. and {Kalirai}, J. and 
	{Niemack}, M. and {Ozel}, F. and {Reynolds}, C. and {Roberge}, A. and 
	{Straughn}, K.~S.~A. and {Weinberg}, D. and {Zmuidzinas}, J.
	},
    title = "{Enduring Quests-Daring Visions (NASA Astrophysics in the Next Three Decades)}",
  journal = {ArXiv e-prints},
archivePrefix = "arXiv",
   eprint = {1401.3741},
 primaryClass = "astro-ph.IM",
 keywords = {Astrophysics - Instrumentation and Methods for Astrophysics, Astrophysics - Cosmology and Extragalactic Astrophysics},
     year = 2014,
    month = jan,
   adsurl = {http://adsabs.harvard.edu/abs/2014arXiv1401.3741K},
  adsnote = {Provided by the SAO/NASA Astrophysics Data System}
}

@ARTICLE{neben_et_al_2015,
   author = {{Neben}, A.~R. and {Bradley}, R.~F. and {Hewitt}, J.~N. and 
	{Bernardi}, G. and {Bowman}, J.~D. and {Briggs}, F. and {Cappallo}, R.~J. and 
	{Deshpande}, A.~A. and {Goeke}, R. and {Greenhill}, L.~J. and 
	{Hazelton}, B.~J. and {Johnston-Hollitt}, M. and {Kaplan}, D.~L. and 
	{Lonsdale}, C.~J. and {McWhirter}, S.~R. and {Mitchell}, D.~A. and 
	{Morales}, M.~F. and {Morgan}, E. and {Oberoi}, D. and {Ord}, S.~M. and 
	{Prabu}, T. and {Shankar}, N.~U. and {Srivani}, K.~S. and {Subrahmanyan}, R. and 
	{Tingay}, S.~J. and {Wayth}, R.~B. and {Webster}, R.~L. and 
	{Williams}, A. and {Williams}, C.~L.},
    title = "{Measuring phased-array antenna beampatterns with high dynamic range for the Murchison Widefield Array using 137 MHz ORBCOMM satellites}",
  journal = {Radio Science},
archivePrefix = "arXiv",
   eprint = {1505.07114},
 primaryClass = "astro-ph.IM",
 keywords = {antenna arrays, radio astronomy, antennas},
     year = 2015,
    month = jul,
   volume = 50,
    pages = {614-629},
      doi = {10.1002/2015RS005678},
   adsurl = {http://adsabs.harvard.edu/abs/2015RaSc...50..614N},
  adsnote = {Provided by the SAO/NASA Astrophysics Data System}
}

@ARTICLE{obenberger_et_al_2014,
   author = {{Obenberger}, K.~S. and {Taylor}, G.~B. and {Hartman}, J.~M. and 
	{Dowell}, J. and {Ellingson}, S.~W. and {Helmboldt}, J.~F. and 
	{Henning}, P.~A. and {Kavic}, M. and {Schinzel}, F.~K. and {Simonetti}, J.~H. and 
	{Stovall}, K. and {Wilson}, T.~L.},
    title = "{Detection of Radio Emission from Fireballs}",
  journal = {\apjl},
archivePrefix = "arXiv",
   eprint = {1405.6772},
 primaryClass = "astro-ph.EP",
 keywords = {meteorites, meteors, meteoroids },
     year = 2014,
    month = jun,
   volume = 788,
      eid = {L26},
    pages = {L26},
      doi = {10.1088/2041-8205/788/2/L26},
   adsurl = {http://adsabs.harvard.edu/abs/2014ApJ...788L..26O},
  adsnote = {Provided by the SAO/NASA Astrophysics Data System}
}

@ARTICLE{offringa_et_al_2010,
   author = {{Offringa}, A.~R. and {de Bruyn}, A.~G. and {Biehl}, M. and 
	{Zaroubi}, S. and {Bernardi}, G. and {Pandey}, V.~N.},
    title = "{Post-correlation radio frequency interference classification methods}",
  journal = {\mnras},
archivePrefix = "arXiv",
   eprint = {1002.1957},
 primaryClass = "astro-ph.IM",
 keywords = {instrumentation: interferometers, methods: data analysis, techniques: interferometric, radio continuum: general},
     year = 2010,
    month = jun,
   volume = 405,
    pages = {155-167},
      doi = {10.1111/j.1365-2966.2010.16471.x},
   adsurl = {http://adsabs.harvard.edu/abs/2010MNRAS.405..155O},
  adsnote = {Provided by the SAO/NASA Astrophysics Data System}
}

@ARTICLE{offringa_et_al_2012,
   author = {{Offringa}, A.~R. and {van de Gronde}, J.~J. and {Roerdink}, J.~B.~T.~M.
	},
    title = "{A morphological algorithm for improving radio-frequency interference detection}",
  journal = {\aap},
archivePrefix = "arXiv",
   eprint = {1201.3364},
 primaryClass = "astro-ph.IM",
 keywords = {instrumentation: interferometers, methods: data analysis, techniques: interferometric},
     year = 2012,
    month = mar,
   volume = 539,
      eid = {A95},
    pages = {A95},
      doi = {10.1051/0004-6361/201118497},
   adsurl = {http://adsabs.harvard.edu/abs/2012A%26A...539A..95O},
  adsnote = {Provided by the SAO/NASA Astrophysics Data System}
}

@ARTICLE{offringa_et_al_2013,
   author = {{Offringa}, A.~R. and {de Bruyn}, A.~G. and {Zaroubi}, S. and 
	{van Diepen}, G. and {Martinez-Ruby}, O. and {Labropoulos}, P. and 
	{Brentjens}, M.~A. and {Ciardi}, B. and {Daiboo}, S. and {Harker}, G. and 
	{Jeli{\'c}}, V. and {Kazemi}, S. and {Koopmans}, L.~V.~E. and 
	{Mellema}, G. and {Pandey}, V.~N. and {Pizzo}, R.~F. and {Schaye}, J. and 
	{Vedantham}, H. and {Veligatla}, V. and {Wijnholds}, S.~J. and 
	{Yatawatta}, S. and {Zarka}, P. and {Alexov}, A. and {Anderson}, J. and 
	{Asgekar}, A. and {Avruch}, M. and {Beck}, R. and {Bell}, M. and 
	{Bell}, M.~R. and {Bentum}, M. and {Bernardi}, G. and {Best}, P. and 
	{Birzan}, L. and {Bonafede}, A. and {Breitling}, F. and {Broderick}, J.~W. and 
	{Br{\"u}ggen}, M. and {Butcher}, H. and {Conway}, J. and {de Vos}, M. and 
	{Dettmar}, R.~J. and {Eisloeffel}, J. and {Falcke}, H. and {Fender}, R. and 
	{Frieswijk}, W. and {Gerbers}, M. and {Griessmeier}, J.~M. and 
	{Gunst}, A.~W. and {Hassall}, T.~E. and {Heald}, G. and {Hessels}, J. and 
	{Hoeft}, M. and {Horneffer}, A. and {Karastergiou}, A. and {Kondratiev}, V. and 
	{Koopman}, Y. and {Kuniyoshi}, M. and {Kuper}, G. and {Maat}, P. and 
	{Mann}, G. and {McKean}, J. and {Meulman}, H. and {Mevius}, M. and 
	{Mol}, J.~D. and {Nijboer}, R. and {Noordam}, J. and {Norden}, M. and 
	{Paas}, H. and {Pandey}, M. and {Pizzo}, R. and {Polatidis}, A. and 
	{Rafferty}, D. and {Rawlings}, S. and {Reich}, W. and {R{\"o}ttgering}, H.~J.~A. and 
	{Schoenmakers}, A.~P. and {Sluman}, J. and {Smirnov}, O. and 
	{Sobey}, C. and {Stappers}, B. and {Steinmetz}, M. and {Swinbank}, J. and 
	{Tagger}, M. and {Tang}, Y. and {Tasse}, C. and {van Ardenne}, A. and 
	{van Cappellen}, W. and {van Duin}, A.~P. and {van Haarlem}, M. and 
	{van Leeuwen}, J. and {van Weeren}, R.~J. and {Vermeulen}, R. and 
	{Vocks}, C. and {Wijers}, R.~A.~M.~J. and {Wise}, M. and {Wucknitz}, O.
	},
    title = "{The LOFAR radio environment}",
  journal = {\aap},
archivePrefix = "arXiv",
   eprint = {1210.0393},
 primaryClass = "astro-ph.IM",
 keywords = {instrumentation: interferometers, methods: data analysis, techniques: interferometric, telescopes, radio continuum: general},
     year = 2013,
    month = jan,
   volume = 549,
      eid = {A11},
    pages = {A11},
      doi = {10.1051/0004-6361/201220293},
   adsurl = {http://adsabs.harvard.edu/abs/2013A%26A...549A..11O},
  adsnote = {Provided by the SAO/NASA Astrophysics Data System}
}

@ARTICLE{offringa_et_al_2014,
   author = {{Offringa}, A.~R. and {McKinley}, B. and {Hurley-Walker}, N. and 
	{Briggs}, F.~H. and {Wayth}, R.~B. and {Kaplan}, D.~L. and {Bell}, M.~E. and 
	{Feng}, L. and {Neben}, A.~R. and {Hughes}, J.~D. and {Rhee}, J. and 
	{Murphy}, T. and {Bhat}, N.~D.~R. and {Bernardi}, G. and {Bowman}, J.~D. and 
	{Cappallo}, R.~J. and {Corey}, B.~E. and {Deshpande}, A.~A. and 
	{Emrich}, D. and {Ewall-Wice}, A. and {Gaensler}, B.~M. and 
	{Goeke}, R. and {Greenhill}, L.~J. and {Hazelton}, B.~J. and 
	{Hindson}, L. and {Johnston-Hollitt}, M. and {Jacobs}, D.~C. and 
	{Kasper}, J.~C. and {Kratzenberg}, E. and {Lenc}, E. and {Lonsdale}, C.~J. and 
	{Lynch}, M.~J. and {McWhirter}, S.~R. and {Mitchell}, D.~A. and 
	{Morales}, M.~F. and {Morgan}, E. and {Kudryavtseva}, N. and 
	{Oberoi}, D. and {Ord}, S.~M. and {Pindor}, B. and {Procopio}, P. and 
	{Prabu}, T. and {Riding}, J. and {Roshi}, D.~A. and {Shankar}, N.~U. and 
	{Srivani}, K.~S. and {Subrahmanyan}, R. and {Tingay}, S.~J. and 
	{Waterson}, M. and {Webster}, R.~L. and {Whitney}, A.~R. and 
	{Williams}, A. and {Williams}, C.~L.},
    title = "{WSCLEAN: an implementation of a fast, generic wide-field imager for radio astronomy}",
  journal = {\mnras},
archivePrefix = "arXiv",
   eprint = {1407.1943},
 primaryClass = "astro-ph.IM",
 keywords = {instrumentation: interferometers, methods: observational, techniques: interferometric, radio continuum: general},
     year = 2014,
    month = oct,
   volume = 444,
    pages = {606-619},
      doi = {10.1093/mnras/stu1368},
   adsurl = {http://adsabs.harvard.edu/abs/2014MNRAS.444..606O},
  adsnote = {Provided by the SAO/NASA Astrophysics Data System}
}

@ARTICLE{offringa_et_al_2015,
   author = {{Offringa}, A.~R. and {Wayth}, R.~B. and {Hurley-Walker}, N. and 
	{Kaplan}, D.~L. and {Barry}, N. and {Beardsley}, A.~P. and {Bell}, M.~E. and 
	{Bernardi}, G. and {Bowman}, J.~D. and {Briggs}, F. and {Callingham}, J.~R. and 
	{Cappallo}, R.~J. and {Carroll}, P. and {Deshpande}, A.~A. and 
	{Dillon}, J.~S. and {Dwarakanath}, K.~S. and {Ewall-Wice}, A. and 
	{Feng}, L. and {For}, B.-Q. and {Gaensler}, B.~M. and {Greenhill}, L.~J. and 
	{Hancock}, P. and {Hazelton}, B.~J. and {Hewitt}, J.~N. and 
	{Hindson}, L. and {Jacobs}, D.~C. and {Johnston-Hollitt}, M. and 
	{Kapi{\'n}ska}, A.~D. and {Kim}, H.-S. and {Kittiwisit}, P. and 
	{Lenc}, E. and {Line}, J. and {Loeb}, A. and {Lonsdale}, C.~J. and 
	{McKinley}, B. and {McWhirter}, S.~R. and {Mitchell}, D.~A. and 
	{Morales}, M.~F. and {Morgan}, E. and {Morgan}, J. and {Neben}, A.~R. and 
	{Oberoi}, D. and {Ord}, S.~M. and {Paul}, S. and {Pindor}, B. and 
	{Pober}, J.~C. and {Prabu}, T. and {Procopio}, P. and {Riding}, J. and 
	{Udaya Shankar}, N. and {Sethi}, S. and {Srivani}, K.~S. and 
	{Staveley-Smith}, L. and {Subrahmanyan}, R. and {Sullivan}, I.~S. and 
	{Tegmark}, M. and {Thyagarajan}, N. and {Tingay}, S.~J. and 
	{Trott}, C.~M. and {Webster}, R.~L. and {Williams}, A. and {Williams}, C.~L. and 
	{Wu}, C. and {Wyithe}, J.~S. and {Zheng}, Q.},
    title = "{The Low-Frequency Environment of the Murchison Widefield Array: Radio-Frequency Interference Analysis and Mitigation}",
  journal = {PASA},
archivePrefix = "arXiv",
   eprint = {1501.03946},
 primaryClass = "astro-ph.IM",
 keywords = {instrumentation: interferometers, methods: observational, radio continuum: general, techniques: interferometric},
     year = 2015,
    month = mar,
   volume = 32,
      eid = {e008},
    pages = {8},
      doi = {10.1017/pasa.2015.7},
   adsurl = {http://adsabs.harvard.edu/abs/2015PASA...32....8O},
  adsnote = {Provided by the SAO/NASA Astrophysics Data System}
}

@ARTICLE{ord_et_al_2015,
   author = {{Ord}, S.~M. and {Crosse}, B. and {Emrich}, D. and {Pallot}, D. and 
	{Wayth}, R.~B. and {Clark}, M.~A. and {Tremblay}, S.~E. and 
	{Arcus}, W. and {Barnes}, D. and {Bell}, M. and {Bernardi}, G. and 
	{Bhat}, N.~D.~R. and {Bowman}, J.~D. and {Briggs}, F. and {Bunton}, J.~D. and 
	{Cappallo}, R.~J. and {Corey}, B.~E. and {Deshpande}, A.~A. and 
	{deSouza}, L. and {Ewell-Wice}, A. and {Feng}, L. and {Goeke}, R. and 
	{Greenhill}, L.~J. and {Hazelton}, B.~J. and {Herne}, D. and 
	{Hewitt}, J.~N. and {Hindson}, L. and {Hurley-Walker}, N. and 
	{Jacobs}, D. and {Johnston-Hollitt}, M. and {Kaplan}, D.~L. and 
	{Kasper}, J.~C. and {Kincaid}, B.~B. and {Koenig}, R. and {Kratzenberg}, E. and 
	{Kudryavtseva}, N. and {Lenc}, E. and {Lonsdale}, C.~J. and 
	{Lynch}, M.~J. and {McKinley}, B. and {McWhirter}, S.~R. and 
	{Mitchell}, D.~A. and {Morales}, M.~F. and {Morgan}, E. and 
	{Oberoi}, D. and {Offringa}, A. and {Pathikulangara}, J. and 
	{Pindor}, B. and {Prabu}, T. and {Procopio}, P. and {Remillard}, R.~A. and 
	{Riding}, J. and {Rogers}, A.~E.~E. and {Roshi}, A. and {Salah}, J.~E. and 
	{Sault}, R.~J. and {Udaya Shankar}, N. and {Srivani}, K.~S. and 
	{Stevens}, J. and {Subrahmanyan}, R. and {Tingay}, S.~J. and 
	{Waterson}, M. and {Webster}, R.~L. and {Whitney}, A.~R. and 
	{Williams}, A. and {Williams}, C.~L. and {Wyithe}, J.~S.~B.},
    title = "{The Murchison Widefield Array Correlator}",
  journal = {\pasa},
archivePrefix = "arXiv",
   eprint = {1501.05992},
 primaryClass = "astro-ph.IM",
 keywords = {instrumentation: interferometers, techniques: interferometric},
     year = 2015,
    month = mar,
   volume = 32,
      eid = {e006},
    pages = {6},
      doi = {10.1017/pasa.2015.5},
   adsurl = {http://adsabs.harvard.edu/abs/2015PASA...32....6O},
  adsnote = {Provided by the SAO/NASA Astrophysics Data System}
}

@ARTICLE{paciga_et_al_2013,
   author = {{Paciga}, G. and {Albert}, J.~G. and {Bandura}, K. and {Chang}, T.-C. and 
	{Gupta}, Y. and {Hirata}, C. and {Odegova}, J. and {Pen}, U.-L. and 
	{Peterson}, J.~B. and {Roy}, J. and {Shaw}, J.~R. and {Sigurdson}, K. and 
	{Voytek}, T.},
    title = "{A simulation-calibrated limit on the H I power spectrum from the GMRT Epoch of Reionization experiment}",
  journal = {\mnras},
archivePrefix = "arXiv",
   eprint = {1301.5906},
 primaryClass = "astro-ph.CO",
 keywords = {intergalactic medium, cosmology: observations, diffuse radiation, radio lines: general},
     year = 2013,
    month = jul,
   volume = 433,
    pages = {639-647},
      doi = {10.1093/mnras/stt753},
   adsurl = {http://adsabs.harvard.edu/abs/2013MNRAS.433..639P},
  adsnote = {Provided by the SAO/NASA Astrophysics Data System}
}

@ARTICLE{parsons_and_backer_2009,
   author = {{Parsons}, A.~R. and {Backer}, D.~C.},
    title = "{Calibration of Low-Frequency, Wide-Field Radio Interferometers Using Delay/Delay-Rate Filtering}",
  journal = {\aj},
archivePrefix = "arXiv",
   eprint = {0901.2575},
 primaryClass = "astro-ph.IM",
 keywords = {instrumentation: interferometers, methods: data analysis, techniques: interferometric},
     year = 2009,
    month = jul,
   volume = 138,
    pages = {219-226},
      doi = {10.1088/0004-6256/138/1/219},
   adsurl = {http://adsabs.harvard.edu/abs/2009AJ....138..219P},
  adsnote = {Provided by the SAO/NASA Astrophysics Data System}
}

@ARTICLE{parsons_et_al_2010,
   author = {{Parsons}, A.~R. and {Backer}, D.~C. and {Foster}, G.~S. and 
	{Wright}, M.~C.~H. and {Bradley}, R.~F. and {Gugliucci}, N.~E. and 
	{Parashare}, C.~R. and {Benoit}, E.~E. and {Aguirre}, J.~E. and 
	{Jacobs}, D.~C. and {Carilli}, C.~L. and {Herne}, D. and {Lynch}, M.~J. and 
	{Manley}, J.~R. and {Werthimer}, D.~J.},
    title = "{The Precision Array for Probing the Epoch of Re-ionization: Eight Station Results}",
  journal = {\aj},
archivePrefix = "arXiv",
   eprint = {0904.2334},
 primaryClass = "astro-ph.CO",
 keywords = {cosmology: observations, instrumentation: interferometers, radio continuum: general, techniques: interferometric, site testing, telescopes},
     year = 2010,
    month = apr,
   volume = 139,
    pages = {1468-1480},
      doi = {10.1088/0004-6256/139/4/1468},
   adsurl = {http://adsabs.harvard.edu/abs/2010AJ....139.1468P},
  adsnote = {Provided by the SAO/NASA Astrophysics Data System}
}

@ARTICLE{parsons_et_al_2012a,
   author = {{Parsons}, A. and {Pober}, J. and {McQuinn}, M. and {Jacobs}, D. and 
	{Aguirre}, J.},
    title = "{A Sensitivity and Array-configuration Study for Measuring the Power Spectrum of 21 cm Emission from Reionization}",
  journal = {\apj},
archivePrefix = "arXiv",
   eprint = {1103.2135},
 primaryClass = "astro-ph.IM",
 keywords = {cosmology: observations, instrumentation: interferometers, methods: observational, techniques: interferometric, telescopes },
     year = 2012,
    month = jul,
   volume = 753,
      eid = {81},
    pages = {81},
      doi = {10.1088/0004-637X/753/1/81},
   adsurl = {http://adsabs.harvard.edu/abs/2012ApJ...753...81P},
  adsnote = {Provided by the SAO/NASA Astrophysics Data System}
}

@ARTICLE{parsons_et_al_2012b,
   author = {{Parsons}, A.~R. and {Pober}, J.~C. and {Aguirre}, J.~E. and 
	{Carilli}, C.~L. and {Jacobs}, D.~C. and {Moore}, D.~F.},
    title = "{A Per-baseline, Delay-spectrum Technique for Accessing the 21 cm Cosmic Reionization Signature}",
  journal = {\apj},
archivePrefix = "arXiv",
   eprint = {1204.4749},
 primaryClass = "astro-ph.IM",
 keywords = {cosmology: observations, instrumentation: interferometers, radio continuum: general, site testing, techniques: interferometric, telescopes},
     year = 2012,
    month = sep,
   volume = 756,
      eid = {165},
    pages = {165},
      doi = {10.1088/0004-637X/756/2/165},
   adsurl = {http://adsabs.harvard.edu/abs/2012ApJ...756..165P},
  adsnote = {Provided by the SAO/NASA Astrophysics Data System}
}

@ARTICLE{parsons_et_al_2014,
   author = {{Parsons}, A.~R. and {Liu}, A. and {Aguirre}, J.~E. and {Ali}, Z.~S. and 
	{Bradley}, R.~F. and {Carilli}, C.~L. and {DeBoer}, D.~R. and 
	{Dexter}, M.~R. and {Gugliucci}, N.~E. and {Jacobs}, D.~C. and 
	{Klima}, P. and {MacMahon}, D.~H.~E. and {Manley}, J.~R. and 
	{Moore}, D.~F. and {Pober}, J.~C. and {Stefan}, I.~I. and {Walbrugh}, W.~P.
	},
    title = "{New Limits on 21 cm Epoch of Reionization from PAPER-32 Consistent with an X-Ray Heated Intergalactic Medium at z = 7.7}",
  journal = {\apj},
archivePrefix = "arXiv",
   eprint = {1304.4991},
 keywords = {cosmology: observations, dark ages, reionization, first stars, early universe, instrumentation: interferometers, intergalactic medium, radio continuum: general},
     year = 2014,
    month = jun,
   volume = 788,
      eid = {106},
    pages = {106},
      doi = {10.1088/0004-637X/788/2/106},
   adsurl = {http://adsabs.harvard.edu/abs/2014ApJ...788..106P},
  adsnote = {Provided by the SAO/NASA Astrophysics Data System}
}

@ARTICLE{parsons_et_al_2015,
   author = {{Parsons}, A.~R. and {Liu}, A. and {Ali}, Z.~S. and {Cheng}, C.
	},
    title = "{Optimized Beam Sculpting with Generalized Fringe-Rate Filters}",
  journal = {ArXiv e-prints},
archivePrefix = "arXiv",
   eprint = {1503.05564},
 primaryClass = "astro-ph.IM",
 keywords = {Astrophysics - Instrumentation and Methods for Astrophysics, Astrophysics - Cosmology and Nongalactic Astrophysics},
     year = 2015,
    month = mar,
   adsurl = {http://adsabs.harvard.edu/abs/2015arXiv150305564P},
  adsnote = {Provided by the SAO/NASA Astrophysics Data System}
}

@ARTICLE{pen_et_al_2009,
   author = {{Pen}, U.-L. and {Chang}, T.-C. and {Hirata}, C.~M. and {Peterson}, J.~B. and 
	{Roy}, J. and {Gupta}, Y. and {Odegova}, J. and {Sigurdson}, K.
	},
    title = "{The GMRT EoR experiment: limits on polarized sky brightness at 150 MHz}",
  journal = {\mnras},
archivePrefix = "arXiv",
   eprint = {0807.1056},
 keywords = {polarization , cosmology: observations , radio continuum: ISM},
     year = 2009,
    month = oct,
   volume = 399,
    pages = {181-194},
      doi = {10.1111/j.1365-2966.2009.14980.x},
   adsurl = {http://adsabs.harvard.edu/abs/2009MNRAS.399..181P},
  adsnote = {Provided by the SAO/NASA Astrophysics Data System}
}

@ARTICLE{petroff_et_al_2015,
   author = {{Petroff}, E. and {Keane}, E.~F. and {Barr}, E.~D. and {Reynolds}, J.~E. and 
	{Sarkissian}, J. and {Edwards}, P.~G. and {Stevens}, J. and 
	{Brem}, C. and {Jameson}, A. and {Burke-Spolaor}, S. and {Johnston}, S. and 
	{Bhat}, N.~D.~R. and {Kudale}, P.~C.~S. and {Bhandari}, S.},
    title = "{Identifying the source of perytons at the Parkes radio telescope}",
  journal = {\mnras},
archivePrefix = "arXiv",
   eprint = {1504.02165},
 primaryClass = "astro-ph.IM",
 keywords = {methods: data analysis, site testing, surveys},
     year = 2015,
    month = aug,
   volume = 451,
    pages = {3933-3940},
      doi = {10.1093/mnras/stv1242},
   adsurl = {http://adsabs.harvard.edu/abs/2015MNRAS.451.3933P},
  adsnote = {Provided by the SAO/NASA Astrophysics Data System}
}

@ARTICLE{planck_2013_XXIII,
   author = {{Planck Collaboration} and {Ade}, P.~A.~R. and {Aghanim}, N. and 
	{Armitage-Caplan}, C. and {Arnaud}, M. and {Ashdown}, M. and 
	{Atrio-Barandela}, F. and {Aumont}, J. and {Baccigalupi}, C. and 
	{Banday}, A.~J. and et al.},
    title = "{Planck 2013 results. XXIII. Isotropy and statistics of the CMB}",
  journal = {\aap},
archivePrefix = "arXiv",
   eprint = {1303.5083},
 keywords = {cosmic background radiation, cosmology: observations, cosmology: miscellaneous},
     year = 2014,
    month = nov,
   volume = 571,
      eid = {A23},
    pages = {A23},
      doi = {10.1051/0004-6361/201321534},
   adsurl = {http://adsabs.harvard.edu/abs/2014A%26A...571A..23P},
  adsnote = {Provided by the SAO/NASA Astrophysics Data System}
}

@ARTICLE{planck_2015_XIII,
   author = {{Planck Collaboration} and {Ade}, P.~A.~R. and {Aghanim}, N. and 
	{Arnaud}, M. and {Ashdown}, M. and {Aumont}, J. and {Baccigalupi}, C. and 
	{Banday}, A.~J. and {Barreiro}, R.~B. and {Bartlett}, J.~G. and et al.},
    title = "{Planck 2015 results. XIII. Cosmological parameters}",
  journal = {ArXiv e-prints},
archivePrefix = "arXiv",
   eprint = {1502.01589},
 keywords = {Astrophysics - Cosmology and Nongalactic Astrophysics},
     year = 2015,
    month = feb,
   adsurl = {http://adsabs.harvard.edu/abs/2015arXiv150201589P},
  adsnote = {Provided by the SAO/NASA Astrophysics Data System}
}

@ARTICLE{planck_2015_XVI,
   author = {{Planck Collaboration} and {Ade}, P.~A.~R. and {Aghanim}, N. and 
	{Akrami}, Y. and {Aluri}, P.~K. and {Arnaud}, M. and {Ashdown}, M. and 
	{Aumont}, J. and {Baccigalupi}, C. and {Banday}, A.~J. and et al.},
    title = "{Planck 2015 results. XVI. Isotropy and statistics of the CMB}",
  journal = {ArXiv e-prints},
archivePrefix = "arXiv",
   eprint = {1506.07135},
 keywords = {Astrophysics - Cosmology and Nongalactic Astrophysics},
     year = 2015,
    month = jun,
   adsurl = {http://adsabs.harvard.edu/abs/2015arXiv150607135P},
  adsnote = {Provided by the SAO/NASA Astrophysics Data System}
}

@ARTICLE{planck_2015_XX,
   author = {{Planck Collaboration} and {Ade}, P.~A.~R. and {Aghanim}, N. and 
	{Arnaud}, M. and {Arroja}, F. and {Ashdown}, M. and {Aumont}, J. and 
	{Baccigalupi}, C. and {Ballardini}, M. and {Banday}, A.~J. and et al.},
    title = "{Planck 2015 results. XX. Constraints on inflation}",
  journal = {ArXiv e-prints},
archivePrefix = "arXiv",
   eprint = {1502.02114},
 keywords = {Astrophysics - Cosmology and Nongalactic Astrophysics},
     year = 2015,
    month = feb,
   adsurl = {http://adsabs.harvard.edu/abs/2015arXiv150202114P},
  adsnote = {Provided by the SAO/NASA Astrophysics Data System}
}

@ARTICLE{pober_et_al_2012,
   author = {{Pober}, J.~C. and {Parsons}, A.~R. and {Jacobs}, D.~C. and 
	{Aguirre}, J.~E. and {Bradley}, R.~F. and {Carilli}, C.~L. and 
	{Gugliucci}, N.~E. and {Moore}, D.~F. and {Parashare}, C.~R.
	},
    title = "{A Technique for Primary Beam Calibration of Drift-scanning, Wide-field Antenna Elements}",
  journal = {\aj},
archivePrefix = "arXiv",
   eprint = {1111.2882},
 primaryClass = "astro-ph.IM",
 keywords = {instrumentation: interferometers, methods: miscellaneous, techniques: interferometric},
     year = 2012,
    month = feb,
   volume = 143,
      eid = {53},
    pages = {53},
      doi = {10.1088/0004-6256/143/2/53},
   adsurl = {http://adsabs.harvard.edu/abs/2012AJ....143...53P},
  adsnote = {Provided by the SAO/NASA Astrophysics Data System}
}

@ARTICLE{pober_et_al_2013a,
   author = {{Pober}, J.~C. and {Parsons}, A.~R. and {DeBoer}, D.~R. and 
	{McDonald}, P. and {McQuinn}, M. and {Aguirre}, J.~E. and {Ali}, Z. and 
	{Bradley}, R.~F. and {Chang}, T.-C. and {Morales}, M.~F.},
    title = "{The Baryon Acoustic Oscillation Broadband and Broad-beam Array: Design Overview and Sensitivity Forecasts}",
  journal = {\aj},
archivePrefix = "arXiv",
   eprint = {1210.2413},
 primaryClass = "astro-ph.CO",
 keywords = {cosmological parameters, distance scale, instrumentation: interferometers, large-scale structure of universe, techniques: interferometric },
     year = 2013,
    month = mar,
   volume = 145,
      eid = {65},
    pages = {65},
      doi = {10.1088/0004-6256/145/3/65},
   adsurl = {http://adsabs.harvard.edu/abs/2013AJ....145...65P},
  adsnote = {Provided by the SAO/NASA Astrophysics Data System}
}

@ARTICLE{pober_et_al_2013b,
   author = {{Pober}, J.~C. and {Parsons}, A.~R. and {Aguirre}, J.~E. and 
	{Ali}, Z. and {Bradley}, R.~F. and {Carilli}, C.~L. and {DeBoer}, D. and 
	{Dexter}, M. and {Gugliucci}, N.~E. and {Jacobs}, D.~C. and 
	{Klima}, P.~J. and {MacMahon}, D. and {Manley}, J. and {Moore}, D.~F. and 
	{Stefan}, I.~I. and {Walbrugh}, W.~P.},
    title = "{Opening the 21 cm Epoch of Reionization Window: Measurements of Foreground Isolation with PAPER}",
  journal = {\apjl},
archivePrefix = "arXiv",
   eprint = {1301.7099},
 primaryClass = "astro-ph.CO",
 keywords = {cosmology: observations, dark ages, reionization, first stars, techniques: interferometric},
     year = 2013,
    month = may,
   volume = 768,
      eid = {L36},
    pages = {L36},
      doi = {10.1088/2041-8205/768/2/L36},
   adsurl = {http://adsabs.harvard.edu/abs/2013ApJ...768L..36P},
  adsnote = {Provided by the SAO/NASA Astrophysics Data System}
}

@ARTICLE{pober_et_al_2014,
   author = {{Pober}, J.~C. and {Liu}, A. and {Dillon}, J.~S. and {Aguirre}, J.~E. and 
	{Bowman}, J.~D. and {Bradley}, R.~F. and {Carilli}, C.~L. and 
	{DeBoer}, D.~R. and {Hewitt}, J.~N. and {Jacobs}, D.~C. and 
	{McQuinn}, M. and {Morales}, M.~F. and {Parsons}, A.~R. and 
	{Tegmark}, M. and {Werthimer}, D.~J.},
    title = "{What Next-generation 21 cm Power Spectrum Measurements can Teach us About the Epoch of Reionization}",
  journal = {\apj},
archivePrefix = "arXiv",
   eprint = {1310.7031},
 primaryClass = "astro-ph.CO",
 keywords = {dark ages, reionization, first stars, techniques: interferometric },
     year = 2014,
    month = feb,
   volume = 782,
      eid = {66},
    pages = {66},
      doi = {10.1088/0004-637X/782/2/66},
   adsurl = {http://adsabs.harvard.edu/abs/2014ApJ...782...66P},
  adsnote = {Provided by the SAO/NASA Astrophysics Data System}
}

@ARTICLE{pober_2015,
   author = {{Pober}, J.~C.},
    title = "{The impact of foregrounds on redshift space distortion measurements with the highly redshifted 21-cm line}",
  journal = {\mnras},
archivePrefix = "arXiv",
   eprint = {1411.2050},
 keywords = {techniques: interferometric, cosmological parameters, dark ages, reionization, first stars, large-scale structure of Universe},
     year = 2015,
    month = feb,
   volume = 447,
    pages = {1705-1712},
      doi = {10.1093/mnras/stu2575},
   adsurl = {http://adsabs.harvard.edu/abs/2015MNRAS.447.1705P},
  adsnote = {Provided by the SAO/NASA Astrophysics Data System}
}

@ARTICLE{pober_et_al_2015,
   author = {{Pober}, J.~C. and {Ali}, Z.~S. and {Parsons}, A.~R. and {McQuinn}, M. and 
	{Aguirre}, J.~E. and {Bernardi}, G. and {Bradley}, R.~F. and 
	{Carilli}, C.~L. and {Cheng}, C. and {DeBoer}, D.~R. and {Dexter}, M.~R. and 
	{Furlanetto}, S.~R. and {Grobbelaar}, J. and {Horrell}, J. and 
	{Jacobs}, D.~C. and {Klima}, P.~J. and {Kohn}, S.~A. and {Liu}, A. and 
	{MacMahon}, D.~H.~E. and {Maree}, M. and {Mesinger}, A. and 
	{Moore}, D.~F. and {Razavi-Ghods}, N. and {Stefan}, I.~I. and 
	{Walbrugh}, W.~P. and {Walker}, A. and {Zheng}, H.},
    title = "{PAPER-64 Constraints On Reionization. II. The Temperature of the z =8.4 Intergalactic Medium}",
  journal = {\apj},
archivePrefix = "arXiv",
   eprint = {1503.00045},
 keywords = {dark ages, reionization, first stars, galaxies: high-redshift, intergalactic medium},
     year = 2015,
    month = aug,
   volume = 809,
      eid = {62},
    pages = {62},
      doi = {10.1088/0004-637X/809/1/62},
   adsurl = {http://adsabs.harvard.edu/abs/2015ApJ...809...62P},
  adsnote = {Provided by the SAO/NASA Astrophysics Data System}
}

@article{pober_et_al_2016,
  author={J. C. Pober and B. J. Hazelton and A. P. Beardsley and N. A. Barry and Z. E. Martinot and I. S. Sullivan and M. F.
Morales and M. E. Bell and G. Bernardi and N. D. R. Bhat and J. D. Bowman and F. Briggs and R. J. Cappallo and P. Carroll and B. E.
Corey and A. de Oliveira-Costa and A. A. Deshpande and Joshua. S. Dillon and D. Emrich and A. M. Ewall-Wice and L. Feng and R.
Goeke and L. J. Greenhill and J. N. Hewitt and L. Hindson and N. Hurley-Walker and D. C. Jacobs and M. Johnston-Hollitt and D.
L. Kaplan and J. C. Kasper and Han-Seek Kim and P. Kittiwisit and E. Kratzenberg and N. Kudryavtseva and E. Lenc and J. Line and A.
Loeb and C. J. Lonsdale and M. J. Lynch and B. McKinley and S. R. McWhirter and D. A. Mitchell and E. Morgan and A. R. Neben and D.
Oberoi and A. R. Offringa and S. M. Ord and Sourabh Paul and B. Pindor and T. Prabu and P. Procopio and J. Riding and A. E. E.
Rogers and A. Roshi and Shiv K. Sethi and N. Udaya Shankar and K. S. Srivani and R. Subrahmanyan and M. Tegmark and Nithyanandan
Thyagarajan and S. J. Tingay and C. M. Trott and M. Waterson and R. B. Wayth and R. L. Webster and A. R. Whitney and A.
Williams and C. L. Williams and J. S. B. Wyithe},
  title={The Importance of Wide-field Foreground Removal for 21 cm Cosmology: A Demonstration with Early MWA Epoch of Reionization Observations},
  journal={\apj},
  volume={819},
  pages={8},
  url={http://stacks.iop.org/0004-637X/819/i=1/a=8},
  year={2016},
  abstract={In this paper we present observations, simulations, and analysis demonstrating the direct connection between the location of foreground emission on the sky and its location in cosmological power spectra from interferometric redshifted 21 cm experiments. We begin with a heuristic formalism for understanding the mapping of sky coordinates into the cylindrically averaged power spectra measurements used by 21 cm experiments, with a focus on the effects of the instrument beam response and the associated sidelobes. We then demonstrate this mapping by analyzing power spectra with both simulated and observed data from the Murchison Widefield Array. We find that removing a foreground model that includes sources in both the main field of view and the first sidelobes reduces the contamination in high k ∥ modes by several per cent relative to a model that only includes sources in the main field of view, with the completeness of the foreground model setting the principal limitation on the amount of power removed. While small, a percent-level amount of foreground power is in itself more than enough to prevent recovery of any Epoch of Reionization signal from these modes. This result demonstrates that foreground subtraction for redshifted 21 cm experiments is truly a wide-field problem, and algorithms and simulations must extend beyond the instrument’s main field of view to potentially recover the full 21 cm power spectrum.}
}

@ARTICLE{pritchard_and_loeb_2012,
   author = {{Pritchard}, J.~R. and {Loeb}, A.},
    title = "{21 cm cosmology in the 21st century}",
  journal = {Reports on Progress in Physics},
archivePrefix = "arXiv",
   eprint = {1109.6012},
 primaryClass = "astro-ph.CO",
     year = 2012,
    month = aug,
   volume = 75,
   number = 8,
    pages = {086901},
      doi = {10.1088/0034-4885/75/8/086901},
   adsurl = {http://adsabs.harvard.edu/abs/2012RPPh...75h6901P},
  adsnote = {Provided by the SAO/NASA Astrophysics Data System}
}

@ARTICLE{salvini_and_wijnholds_2014,
   author = {{Salvini}, S. and {Wijnholds}, S.~J.},
    title = "{Fast gain calibration in radio astronomy using alternating direction implicit methods: Analysis and applications}",
  journal = {\aap},
archivePrefix = "arXiv",
   eprint = {1410.2101},
 primaryClass = "astro-ph.IM",
 keywords = {instrumentation: interferometers, methods: numerical, methods: statistical, techniques: interferometric},
     year = 2014,
    month = nov,
   volume = 571,
      eid = {A97},
    pages = {A97},
      doi = {10.1051/0004-6361/201424487},
   adsurl = {http://adsabs.harvard.edu/abs/2014A%26A...571A..97S},
  adsnote = {Provided by the SAO/NASA Astrophysics Data System}
}

@ARTICLE{santos_et_al_2005,
   author = {{Santos}, M.~G. and {Cooray}, A. and {Knox}, L.},
    title = "{Multifrequency Analysis of 21 Centimeter Fluctuations from the Era of Reionization}",
  journal = {\apj},
   eprint = {arXiv:astro-ph/0408515},
 keywords = {Cosmology: Theory, Cosmology: Diffuse Radiation, Cosmology: Large-Scale Structure of Universe},
     year = 2005,
    month = jun,
   volume = 625,
    pages = {575-587},
      doi = {10.1086/429857},
   adsurl = {http://adsabs.harvard.edu/abs/2005ApJ...625..575S},
  adsnote = {Provided by the SAO/NASA Astrophysics Data System}
}

@ARTICLE{shaw_et_al_2014,
   author = {{Shaw}, J.~R. and {Sigurdson}, K. and {Pen}, U.-L. and {Stebbins}, A. and 
	{Sitwell}, M.},
    title = "{All-sky Interferometry with Spherical Harmonic Transit Telescopes}",
  journal = {\apj},
archivePrefix = "arXiv",
   eprint = {1302.0327},
 primaryClass = "astro-ph.CO",
 keywords = {cosmology: observations, dark energy, large-scale structure of universe, methods: data analysis, radio continuum: general },
     year = 2014,
    month = feb,
   volume = 781,
      eid = {57},
    pages = {57},
      doi = {10.1088/0004-637X/781/2/57},
   adsurl = {http://adsabs.harvard.edu/abs/2014ApJ...781...57S},
  adsnote = {Provided by the SAO/NASA Astrophysics Data System}
}

@ARTICLE{shiraishi_et_al_2016,
   author = {{Shiraishi}, M. and {Mu{\~n}oz}, J.~B. and {Kamionkowski}, M. and 
	{Raccanelli}, A.},
    title = "{Violation of statistical isotropy and homogeneity in the 21-cm power spectrum}",
  journal = {ArXiv e-prints},
archivePrefix = "arXiv",
   eprint = {1603.01206},
 keywords = {Astrophysics - Cosmology and Nongalactic Astrophysics, General Relativity and Quantum Cosmology, High Energy Physics - Phenomenology},
     year = 2016,
    month = mar,
   adsurl = {http://adsabs.harvard.edu/abs/2016arXiv160301206S},
  adsnote = {Provided by the SAO/NASA Astrophysics Data System}
}

@ARTICLE{slee_1995,
   author = {{Slee}, O.~B.},
    title = "{Radio sources observed with the Culgoora circular array}",
  journal = {Australian Journal of Physics},
 keywords = {Galactic Clusters, Radio Astronomy, Radio Observation, Radio Sources (Astronomy), Tables (Data), Arrays, Data Reduction, Sky Surveys (Astronomy)},
     year = 1995,
   volume = 48,
    pages = {143-186},
   adsurl = {http://adsabs.harvard.edu/abs/1995AuJPh..48..143S},
  adsnote = {Provided by the SAO/NASA Astrophysics Data System}
}

@ARTICLE{sobacchi_and_mesinger_2014,
   author = {{Sobacchi}, E. and {Mesinger}, A.},
    title = "{Inhomogeneous recombinations during cosmic reionization}",
  journal = {\mnras},
archivePrefix = "arXiv",
   eprint = {1402.2298},
 keywords = {galaxies: formation, galaxies: high-redshift, intergalactic medium, cosmology: theory, dark ages, reionization, first stars, early Universe},
     year = 2014,
    month = may,
   volume = 440,
    pages = {1662-1673},
      doi = {10.1093/mnras/stu377},
   adsurl = {http://adsabs.harvard.edu/abs/2014MNRAS.440.1662S},
  adsnote = {Provided by the SAO/NASA Astrophysics Data System}
}

@ARTICLE{sobacchi_et_al_2016,
   author = {{Sobacchi}, E. and {Mesinger}, A. and {Greig}, B.},
    title = "{Cross-correlation of the cosmic 21-cm signal and Lyman alpha emitters during reionization}",
  journal = {\mnras},
archivePrefix = "arXiv",
   eprint = {1602.04837},
 keywords = {cosmology: theory, early Universe, dark ages, reionization, first stars, galaxies: formation, high-redshift, evolution},
     year = 2016,
    month = apr,
      doi = {10.1093/mnras/stw811},
   adsurl = {http://adsabs.harvard.edu/abs/2016MNRAS.tmp..588S},
  adsnote = {Provided by the SAO/NASA Astrophysics Data System}
}

@ARTICLE{songaila_and_cowie_2010,
   author = {{Songaila}, A. and {Cowie}, L.~L.},
    title = "{The Evolution of Lyman Limit Absorption Systems to Redshift Six}",
  journal = {\apj},
archivePrefix = "arXiv",
   eprint = {1007.3262},
 keywords = {cosmology: observations, early universe, galaxies: evolution, galaxies: formation, quasars: absorption lines},
     year = 2010,
    month = oct,
   volume = 721,
    pages = {1448-1466},
      doi = {10.1088/0004-637X/721/2/1448},
   adsurl = {http://adsabs.harvard.edu/abs/2010ApJ...721.1448S},
  adsnote = {Provided by the SAO/NASA Astrophysics Data System}
}

@ARTICLE{sullivan_et_al_2012,
   author = {{Sullivan}, I.~S. and {Morales}, M.~F. and {Hazelton}, B.~J. and 
	{Arcus}, W. and {Barnes}, D. and {Bernardi}, G. and {Briggs}, F.~H. and 
	{Bowman}, J.~D. and {Bunton}, J.~D. and {Cappallo}, R.~J. and 
	{Corey}, B.~E. and {Deshpande}, A. and {deSouza}, L. and {Emrich}, D. and 
	{Gaensler}, B.~M. and {Goeke}, R. and {Greenhill}, L.~J. and 
	{Herne}, D. and {Hewitt}, J.~N. and {Johnston-Hollitt}, M. and 
	{Kaplan}, D.~L. and {Kasper}, J.~C. and {Kincaid}, B.~B. and 
	{Koenig}, R. and {Kratzenberg}, E. and {Lonsdale}, C.~J. and 
	{Lynch}, M.~J. and {McWhirter}, S.~R. and {Mitchell}, D.~A. and 
	{Morgan}, E. and {Oberoi}, D. and {Ord}, S.~M. and {Pathikulangara}, J. and 
	{Prabu}, T. and {Remillard}, R.~A. and {Rogers}, A.~E.~E. and 
	{Roshi}, A. and {Salah}, J.~E. and {Sault}, R.~J. and {Udaya Shankar}, N. and 
	{Srivani}, K.~S. and {Stevens}, J. and {Subrahmanyan}, R. and 
	{Tingay}, S.~J. and {Wayth}, R.~B. and {Waterson}, M. and {Webster}, R.~L. and 
	{Whitney}, A.~R. and {Williams}, A. and {Williams}, C.~L. and 
	{Wyithe}, J.~S.~B.},
    title = "{Fast Holographic Deconvolution: A New Technique for Precision Radio Interferometry}",
  journal = {\apj},
archivePrefix = "arXiv",
   eprint = {1209.1653},
 primaryClass = "astro-ph.IM",
 keywords = {dark ages, reionization, first stars, techniques: image processing, techniques: interferometric},
     year = 2012,
    month = nov,
   volume = 759,
      eid = {17},
    pages = {17},
      doi = {10.1088/0004-637X/759/1/17},
   adsurl = {http://adsabs.harvard.edu/abs/2012ApJ...759...17S},
  adsnote = {Provided by the SAO/NASA Astrophysics Data System}
}

@ARTICLE{sutinjo_et_al_2015,
   author = {{Sutinjo}, A. and {O'Sullivan}, J. and {Lenc}, E. and {Wayth}, R.~B. and 
	{Padhi}, S. and {Hall}, P. and {Tingay}, S.~J.},
    title = "{Understanding instrumental Stokes leakage in Murchison Widefield Array polarimetry}",
  journal = {Radio Science},
archivePrefix = "arXiv",
   eprint = {1412.4466},
 primaryClass = "astro-ph.IM",
 keywords = {polarimetry, antenna arrays, radio astronomy, antennas},
     year = 2015,
    month = jan,
   volume = 50,
    pages = {52-65},
      doi = {10.1002/2014RS005517},
   adsurl = {http://adsabs.harvard.edu/abs/2015RaSc...50...52S},
  adsnote = {Provided by the SAO/NASA Astrophysics Data System}
}

@ARTICLE{swarup_et_al_1991,
   author = {{Swarup}, G. and {Ananthakrishnan}, S. and {Kapahi}, V.~K. and 
	{Rao}, A.~P. and {Subrahmanya}, C.~R. and {Kulkarni}, V.~K.},
    title = "{The Giant Metre-Wave Radio Telescope}",
  journal = {Current Science, Vol.~60, NO.2/JAN25, P.~95, 1991},
     year = 1991,
    month = jan,
   volume = 60,
    pages = {95},
   adsurl = {http://adsabs.harvard.edu/abs/1991CuSc...60...95S},
  adsnote = {Provided by the SAO/NASA Astrophysics Data System}
}

@ARTICLE{switzer_et_al_2013,
   author = {{Switzer}, E.~R. and {Masui}, K.~W. and {Bandura}, K. and {Calin}, L.-M. and 
	{Chang}, T.-C. and {Chen}, X.-L. and {Li}, Y.-C. and {Liao}, Y.-W. and 
	{Natarajan}, A. and {Pen}, U.-L. and {Peterson}, J.~B. and {Shaw}, J.~R. and 
	{Voytek}, T.~C.},
    title = "{Determination of z {\tilde} 0.8 neutral hydrogen fluctuations using the 21 cm intensity mapping autocorrelation}",
  journal = {\mnras},
archivePrefix = "arXiv",
   eprint = {1304.3712},
 primaryClass = "astro-ph.CO",
 keywords = {galaxies: evolution, large-scale structure of universe, radio lines: galaxies},
     year = 2013,
    month = jul,
   volume = 434,
    pages = {L46-L50},
      doi = {10.1093/mnrasl/slt074},
   adsurl = {http://adsabs.harvard.edu/abs/2013MNRAS.434L..46S},
  adsnote = {Provided by the SAO/NASA Astrophysics Data System}
}

@ARTICLE{tasse_et_al_2013,
   author = {{Tasse}, C. and {van der Tol}, S. and {van Zwieten}, J. and 
	{van Diepen}, G. and {Bhatnagar}, S.},
    title = "{Applying full polarization A-Projection to very wide field of view instruments: An imager for LOFAR}",
  journal = {\aap},
archivePrefix = "arXiv",
   eprint = {1212.6178},
 primaryClass = "astro-ph.IM",
 keywords = {instrumentation: interferometers, techniques: interferometric, techniques: image processing},
     year = 2013,
    month = may,
   volume = 553,
      eid = {A105},
    pages = {A105},
      doi = {10.1051/0004-6361/201220882},
   adsurl = {http://adsabs.harvard.edu/abs/2013A%26A...553A.105T},
  adsnote = {Provided by the SAO/NASA Astrophysics Data System}
}

@PROCEEDINGS{taylor_et_al_1999,
    title = "{Synthesis Imaging in Radio Astronomy II}",
booktitle = {Synthesis Imaging in Radio Astronomy II},
     year = 1999,
   series = {Astronomical Society of the Pacific Conference Series},
   volume = 180,
   editor = {{Taylor}, G.~B. and {Carilli}, C.~L. and {Perley}, R.~A.},
   adsurl = {http://adsabs.harvard.edu/abs/1999ASPC..180.....T},
  adsnote = {Provided by the SAO/NASA Astrophysics Data System}
}

@ARTICLE{tegmark_1997a,
   author = {{Tegmark}, M.},
    title = "{How to Make Maps from Cosmic Microwave Background Data without Losing Information}",
  journal = {\apjl},
   eprint = {astro-ph/9611130},
 keywords = {COSMOLOGY: COSMIC MICROWAVE BACKGROUND, METHODS: DATA ANALYSIS, Cosmology: Cosmic Microwave Background, Methods: Data Analysis},
     year = 1997,
    month = may,
   volume = 480,
    pages = {L87-L90},
      doi = {10.1086/310631},
   adsurl = {http://adsabs.harvard.edu/abs/1997ApJ...480L..87T},
  adsnote = {Provided by the SAO/NASA Astrophysics Data System}
}

@ARTICLE{tegmark_1997b,
   author = {{Tegmark}, M.},
    title = "{How to measure CMB power spectra without losing information}",
  journal = {\prd},
   eprint = {astro-ph/9611174},
 keywords = {Background radiations, Origin and formation of the Universe, Observational cosmology},
     year = 1997,
    month = may,
   volume = 55,
    pages = {5895-5907},
      doi = {10.1103/PhysRevD.55.5895},
   adsurl = {http://adsabs.harvard.edu/abs/1997PhRvD..55.5895T},
  adsnote = {Provided by the SAO/NASA Astrophysics Data System}
}

@ARTICLE{tegmark_et_al_1998,
   author = {{Tegmark}, M. and {Hamilton}, A.~J.~S. and {Strauss}, M.~A. and 
	{Vogeley}, M.~S. and {Szalay}, A.~S.},
    title = "{Measuring the Galaxy Power Spectrum with Future Redshift Surveys}",
  journal = {\apj},
   eprint = {astro-ph/9708020},
 keywords = {Galaxies: Distances and Redshifts, Galaxies: Photometry, Methods: Numerical},
     year = 1998,
    month = may,
   volume = 499,
    pages = {555-576},
   adsurl = {http://adsabs.harvard.edu/abs/1998ApJ...499..555T},
  adsnote = {Provided by the SAO/NASA Astrophysics Data System}
}

@ARTICLE{tegmark_et_al_2004,
   author = {{Tegmark}, M. and {Strauss}, M.~A. and {Blanton}, M.~R. and 
	{Abazajian}, K. and {Dodelson}, S. and {Sandvik}, H. and {Wang}, X. and 
	{Weinberg}, D.~H. and {Zehavi}, I. and {Bahcall}, N.~A. and 
	{Hoyle}, F. and {Schlegel}, D. and {Scoccimarro}, R. and {Vogeley}, M.~S. and 
	{Berlind}, A. and {Budavari}, T. and {Connolly}, A. and {Eisenstein}, D.~J. and 
	{Finkbeiner}, D. and {Frieman}, J.~A. and {Gunn}, J.~E. and 
	{Hui}, L. and {Jain}, B. and {Johnston}, D. and {Kent}, S. and 
	{Lin}, H. and {Nakajima}, R. and {Nichol}, R.~C. and {Ostriker}, J.~P. and 
	{Pope}, A. and {Scranton}, R. and {Seljak}, U. and {Sheth}, R.~K. and 
	{Stebbins}, A. and {Szalay}, A.~S. and {Szapudi}, I. and {Xu}, Y. and 
	{Annis}, J. and {Brinkmann}, J. and {Burles}, S. and {Castander}, F.~J. and 
	{Csabai}, I. and {Loveday}, J. and {Doi}, M. and {Fukugita}, M. and 
	{Gillespie}, B. and {Hennessy}, G. and {Hogg}, D.~W. and {Ivezi{\'c}}, {\v Z}. and 
	{Knapp}, G.~R. and {Lamb}, D.~Q. and {Lee}, B.~C. and {Lupton}, R.~H. and 
	{McKay}, T.~A. and {Kunszt}, P. and {Munn}, J.~A. and {O'Connell}, L. and 
	{Peoples}, J. and {Pier}, J.~R. and {Richmond}, M. and {Rockosi}, C. and 
	{Schneider}, D.~P. and {Stoughton}, C. and {Tucker}, D.~L. and 
	{vanden Berk}, D.~E. and {Yanny}, B. and {York}, D.~G.},
    title = "{Cosmological parameters from SDSS and WMAP}",
  journal = {\prd},
   eprint = {arXiv:astro-ph/0310723},
 keywords = {Observational cosmology},
     year = 2004,
    month = may,
   volume = 69,
   number = 10,
      eid = {103501},
    pages = {103501},
      doi = {10.1103/PhysRevD.69.103501},
   adsurl = {http://adsabs.harvard.edu/abs/2004PhRvD..69j3501T},
  adsnote = {Provided by the SAO/NASA Astrophysics Data System}
}

@BOOK{thompson_et_al_2001,
   author = {{Thompson}, A.~R. and {Moran}, J.~M. and {Swenson}, Jr., G.~W.
	},
    title = "{Interferometry and Synthesis in Radio Astronomy, 2nd Edition}",
booktitle = {''Interferometry and synthesis in radio astronomy by A.~Richard Thompson, James M.~Moran, and George W.~Swenson, Jr.~2nd ed.~ New York : Wiley, c2001.xxiii, 692 p.~: ill.~; 25 cm.~''A Wiley-Interscience publication.''  Includes bibliographical references and indexes.~ISBN :  0471254924''},
     year = 2001,
     publisher = {Wiley-Interscience},
     address = {New York},
   adsurl = {http://adsabs.harvard.edu/abs/2001isra.book.....T},
  adsnote = {Provided by the SAO/NASA Astrophysics Data System}
}

@ARTICLE{thornton_et_al_2013,
   author = {{Thornton}, D. and {Stappers}, B. and {Bailes}, M. and {Barsdell}, B. and 
	{Bates}, S. and {Bhat}, N.~D.~R. and {Burgay}, M. and {Burke-Spolaor}, S. and 
	{Champion}, D.~J. and {Coster}, P. and {D'Amico}, N. and {Jameson}, A. and 
	{Johnston}, S. and {Keith}, M. and {Kramer}, M. and {Levin}, L. and 
	{Milia}, S. and {Ng}, C. and {Possenti}, A. and {van Straten}, W.
	},
    title = "{A Population of Fast Radio Bursts at Cosmological Distances}",
  journal = {Science},
archivePrefix = "arXiv",
   eprint = {1307.1628},
 primaryClass = "astro-ph.HE",
     year = 2013,
    month = jul,
   volume = 341,
    pages = {53-56},
      doi = {10.1126/science.1236789},
   adsurl = {http://adsabs.harvard.edu/abs/2013Sci...341...53T},
  adsnote = {Provided by the SAO/NASA Astrophysics Data System}
}

@ARTICLE{thyagarajan_et_al_2013,
   author = {{Thyagarajan}, N. and {Udaya Shankar}, N. and {Subrahmanyan}, R. and 
	{Arcus}, W. and {Bernardi}, G. and {Bowman}, J.~D. and {Briggs}, F. and 
	{Bunton}, J.~D. and {Cappallo}, R.~J. and {Corey}, B.~E. and 
	{deSouza}, L. and {Emrich}, D. and {Gaensler}, B.~M. and {Goeke}, R.~F. and 
	{Greenhill}, L.~J. and {Hazelton}, B.~J. and {Herne}, D. and 
	{Hewitt}, J.~N. and {Johnston-Hollitt}, M. and {Kaplan}, D.~L. and 
	{Kasper}, J.~C. and {Kincaid}, B.~B. and {Koenig}, R. and {Kratzenberg}, E. and 
	{Lonsdale}, C.~J. and {Lynch}, M.~J. and {McWhirter}, S.~R. and 
	{Mitchell}, D.~A. and {Morales}, M.~F. and {Morgan}, E.~H. and 
	{Oberoi}, D. and {Ord}, S.~M. and {Pathikulangara}, J. and {Remillard}, R.~A. and 
	{Rogers}, A.~E.~E. and {Anish Roshi}, D. and {Salah}, J.~E. and 
	{Sault}, R.~J. and {Srivani}, K.~S. and {Stevens}, J.~B. and 
	{Thiagaraj}, P. and {Tingay}, S.~J. and {Wayth}, R.~B. and {Waterson}, M. and 
	{Webster}, R.~L. and {Whitney}, A.~R. and {Williams}, A.~J. and 
	{Williams}, C.~L. and {Wyithe}, J.~S.~B.},
    title = "{A Study of Fundamental Limitations to Statistical Detection of Redshifted H I from the Epoch of Reionization}",
  journal = {\apj},
archivePrefix = "arXiv",
   eprint = {1308.0565},
 primaryClass = "astro-ph.CO",
 keywords = {dark ages, reionization, first stars, large-scale structure of universe, methods: statistical, radio continuum: galaxies, radio lines: general, techniques: interferometric },
     year = 2013,
    month = oct,
   volume = 776,
      eid = {6},
    pages = {6},
      doi = {10.1088/0004-637X/776/1/6},
   adsurl = {http://adsabs.harvard.edu/abs/2013ApJ...776....6T},
  adsnote = {Provided by the SAO/NASA Astrophysics Data System}
}

@ARTICLE{thyagarajan_et_al_2015a,
   author = {{Thyagarajan}, N. and {Jacobs}, D.~C. and {Bowman}, J.~D. and 
	{Barry}, N. and {Beardsley}, A.~P. and {Bernardi}, G. and {Briggs}, F. and 
	{Cappallo}, R.~J. and {Carroll}, P. and {Corey}, B.~E. and {de Oliveira-Costa}, A. and 
	{Dillon}, J.~S. and {Emrich}, D. and {Ewall-Wice}, A. and {Feng}, L. and 
	{Goeke}, R. and {Greenhill}, L.~J. and {Hazelton}, B.~J. and 
	{Hewitt}, J.~N. and {Hurley-Walker}, N. and {Johnston-Hollitt}, M. and 
	{Kaplan}, D.~L. and {Kasper}, J.~C. and {Kim}, H.-S. and {Kittiwisit}, P. and 
	{Kratzenberg}, E. and {Lenc}, E. and {Line}, J. and {Loeb}, A. and 
	{Lonsdale}, C.~J. and {Lynch}, M.~J. and {McKinley}, B. and 
	{McWhirter}, S.~R. and {Mitchell}, D.~A. and {Morales}, M.~F. and 
	{Morgan}, E. and {Neben}, A.~R. and {Oberoi}, D. and {Offringa}, A.~R. and 
	{Ord}, S.~M. and {Paul}, S. and {Pindor}, B. and {Pober}, J.~C. and 
	{Prabu}, T. and {Procopio}, P. and {Riding}, J. and {Rogers}, A.~E.~E. and 
	{Roshi}, A. and {Udaya Shankar}, N. and {Sethi}, S.~K. and {Srivani}, K.~S. and 
	{Subrahmanyan}, R. and {Sullivan}, I.~S. and {Tegmark}, M. and 
	{Tingay}, S.~J. and {Trott}, C.~M. and {Waterson}, M. and {Wayth}, R.~B. and 
	{Webster}, R.~L. and {Whitney}, A.~R. and {Williams}, A. and 
	{Williams}, C.~L. and {Wu}, C. and {Wyithe}, J.~S.~B.},
    title = "{Foregrounds in Wide-field Redshifted 21 cm Power Spectra}",
  journal = {\apj},
archivePrefix = "arXiv",
   eprint = {1502.07596},
 primaryClass = "astro-ph.IM",
 keywords = {cosmology: observations, dark ages, reionization, first stars, large-scale structure of universe, methods: statistical, radio continuum: galaxies, techniques: interferometric},
     year = 2015,
    month = may,
   volume = 804,
      eid = {14},
    pages = {14},
      doi = {10.1088/0004-637X/804/1/14},
   adsurl = {http://adsabs.harvard.edu/abs/2015ApJ...804...14T},
  adsnote = {Provided by the SAO/NASA Astrophysics Data System}
}

@ARTICLE{thyagarajan_et_al_2015b,
   author = {{Thyagarajan}, N. and {Jacobs}, D.~C. and {Bowman}, J.~D. and 
	{Barry}, N. and {Beardsley}, A.~P. and {Bernardi}, G. and {Briggs}, F. and 
	{Cappallo}, R.~J. and {Carroll}, P. and {Deshpande}, A.~A. and 
	{de Oliveira-Costa}, A. and {Dillon}, J.~S. and {Ewall-Wice}, A. and 
	{Feng}, L. and {Greenhill}, L.~J. and {Hazelton}, B.~J. and 
	{Hernquist}, L. and {Hewitt}, J.~N. and {Hurley-Walker}, N. and 
	{Johnston-Hollitt}, M. and {Kaplan}, D.~L. and {Kim}, H.-S. and 
	{Kittiwisit}, P. and {Lenc}, E. and {Line}, J. and {Loeb}, A. and 
	{Lonsdale}, C.~J. and {McKinley}, B. and {McWhirter}, S.~R. and 
	{Mitchell}, D.~A. and {Morales}, M.~F. and {Morgan}, E. and 
	{Neben}, A.~R. and {Oberoi}, D. and {Offringa}, A.~R. and {Ord}, S.~M. and 
	{Paul}, S. and {Pindor}, B. and {Pober}, J.~C. and {Prabu}, T. and 
	{Procopio}, P. and {Riding}, J. and {Udaya Shankar}, N. and 
	{Sethi}, S.~K. and {Srivani}, K.~S. and {Subrahmanyan}, R. and 
	{Sullivan}, I.~S. and {Tegmark}, M. and {Tingay}, S.~J. and 
	{Trott}, C.~M. and {Wayth}, R.~B. and {Webster}, R.~L. and {Williams}, A. and 
	{Williams}, C.~L. and {Wyithe}, J.~S.~B.},
    title = "{Confirmation of Wide-field Signatures in Redshifted 21 cm Power Spectra}",
  journal = {\apjl},
archivePrefix = "arXiv",
   eprint = {1506.06150},
 keywords = {cosmology: observations, dark ages, reionization, first stars, large-scale structure of universe, methods: statistical, radio continuum: galaxies, techniques: interferometric},
     year = 2015,
    month = jul,
   volume = 807,
      eid = {L28},
    pages = {L28},
      doi = {10.1088/2041-8205/807/2/L28},
   adsurl = {http://adsabs.harvard.edu/abs/2015ApJ...807L..28T},
  adsnote = {Provided by the SAO/NASA Astrophysics Data System}
}

@ARTICLE{tingay_et_al_2013a,
   author = {{Tingay}, S.~J. and {Goeke}, R. and {Bowman}, J.~D. and {Emrich}, D. and 
	{Ord}, S.~M. and {Mitchell}, D.~A. and {Morales}, M.~F. and 
	{Booler}, T. and {Crosse}, B. and {Wayth}, R.~B. and {Lonsdale}, C.~J. and 
	{Tremblay}, S. and {Pallot}, D. and {Colegate}, T. and {Wicenec}, A. and 
	{Kudryavtseva}, N. and {Arcus}, W. and {Barnes}, D. and {Bernardi}, G. and 
	{Briggs}, F. and {Burns}, S. and {Bunton}, J.~D. and {Cappallo}, R.~J. and 
	{Corey}, B.~E. and {Deshpande}, A. and {Desouza}, L. and {Gaensler}, B.~M. and 
	{Greenhill}, L.~J. and {Hall}, P.~J. and {Hazelton}, B.~J. and 
	{Herne}, D. and {Hewitt}, J.~N. and {Johnston-Hollitt}, M. and 
	{Kaplan}, D.~L. and {Kasper}, J.~C. and {Kincaid}, B.~B. and 
	{Koenig}, R. and {Kratzenberg}, E. and {Lynch}, M.~J. and {Mckinley}, B. and 
	{Mcwhirter}, S.~R. and {Morgan}, E. and {Oberoi}, D. and {Pathikulangara}, J. and 
	{Prabu}, T. and {Remillard}, R.~A. and {Rogers}, A.~E.~E. and 
	{Roshi}, A. and {Salah}, J.~E. and {Sault}, R.~J. and {Udaya-Shankar}, N. and 
	{Schlagenhaufer}, F. and {Srivani}, K.~S. and {Stevens}, J. and 
	{Subrahmanyan}, R. and {Waterson}, M. and {Webster}, R.~L. and 
	{Whitney}, A.~R. and {Williams}, A. and {Williams}, C.~L. and 
	{Wyithe}, J.~S.~B.},
    title = "{The Murchison Widefield Array: The Square Kilometre Array Precursor at Low Radio Frequencies}",
  journal = {Publications of the Astronomical Society of Australia},
archivePrefix = "arXiv",
   eprint = {1206.6945},
 primaryClass = "astro-ph.IM",
 keywords = {instrumentation: interferometers, techniques: image processing, techniques: interferometric, radio continuum: general, radio lines: general, early Universe},
     year = 2013,
    month = jan,
   volume = 30,
      eid = {e007},
    pages = {7},
      doi = {10.1017/pasa.2012.007},
   adsurl = {http://adsabs.harvard.edu/abs/2013PASA...30....7T},
  adsnote = {Provided by the SAO/NASA Astrophysics Data System}
}

@ARTICLE{tingay_et_al_2013b,
   author = {{Tingay}, S.~J. and {Kaplan}, D.~L. and {McKinley}, B. and {Briggs}, F. and 
	{Wayth}, R.~B. and {Hurley-Walker}, N. and {Kennewell}, J. and 
	{Smith}, C. and {Zhang}, K. and {Arcus}, W. and {Bhat}, N.~D.~R. and 
	{Emrich}, D. and {Herne}, D. and {Kudryavtseva}, N. and {Lynch}, M. and 
	{Ord}, S.~M. and {Waterson}, M. and {Barnes}, D.~G. and {Bell}, M. and 
	{Gaensler}, B.~M. and {Lenc}, E. and {Bernardi}, G. and {Greenhill}, L.~J. and 
	{Kasper}, J.~C. and {Bowman}, J.~D. and {Jacobs}, D. and {Bunton}, J.~D. and 
	{deSouza}, L. and {Koenig}, R. and {Pathikulangara}, J. and 
	{Stevens}, J. and {Cappallo}, R.~J. and {Corey}, B.~E. and {Kincaid}, B.~B. and 
	{Kratzenberg}, E. and {Lonsdale}, C.~J. and {McWhirter}, S.~R. and 
	{Rogers}, A.~E.~E. and {Salah}, J.~E. and {Whitney}, A.~R. and 
	{Deshpande}, A. and {Prabu}, T. and {Udaya Shankar}, N. and 
	{Srivani}, K.~S. and {Subrahmanyan}, R. and {Ewall-Wice}, A. and 
	{Feng}, L. and {Goeke}, R. and {Morgan}, E. and {Remillard}, R.~A. and 
	{Williams}, C.~L. and {Hazelton}, B.~J. and {Morales}, M.~F. and 
	{Johnston-Hollitt}, M. and {Mitchell}, D.~A. and {Procopio}, P. and 
	{Riding}, J. and {Webster}, R.~L. and {Wyithe}, J.~S.~B. and 
	{Oberoi}, D. and {Roshi}, A. and {Sault}, R.~J. and {Williams}, A.
	},
    title = "{On the Detection and Tracking of Space Debris Using the Murchison Widefield Array. I. Simulations and Test Observations Demonstrate Feasibility}",
  journal = {\aj},
archivePrefix = "arXiv",
   eprint = {1308.2742},
 primaryClass = "astro-ph.IM",
 keywords = {Earth, instrumentation: interferometers, planets and satellites: general, planets and satellites: individual: International Space Station, techniques: radar astronomy },
     year = 2013,
    month = oct,
   volume = 146,
      eid = {103},
    pages = {103},
      doi = {10.1088/0004-6256/146/4/103},
   adsurl = {http://adsabs.harvard.edu/abs/2013AJ....146..103T},
  adsnote = {Provided by the SAO/NASA Astrophysics Data System}
}

@ARTICLE{trott_et_al_2012,
   author = {{Trott}, C.~M. and {Wayth}, R.~B. and {Tingay}, S.~J.},
    title = "{The Impact of Point-source Subtraction Residuals on 21 cm Epoch of Reionization Estimation}",
  journal = {\apj},
archivePrefix = "arXiv",
   eprint = {1208.0646},
 primaryClass = "astro-ph.CO",
 keywords = {early universe, methods: analytical, techniques: interferometric},
     year = 2012,
    month = sep,
   volume = 757,
      eid = {101},
    pages = {101},
      doi = {10.1088/0004-637X/757/1/101},
   adsurl = {http://adsabs.harvard.edu/abs/2012ApJ...757..101T},
  adsnote = {Provided by the SAO/NASA Astrophysics Data System}
}

@ARTICLE{trott_et_al_2016,
   author = {{Trott}, C.~M. and {Pindor}, B. and {Procopio}, P. and {Wayth}, R.~B. and 
	{Mitchell}, D.~A. and {McKinley}, B. and {Tingay}, S.~J. and 
	{Barry}, N. and {Beardsley}, A.~P. and {Bernardi}, G. and {Bowman}, J.~D. and 
	{Briggs}, F. and {Cappallo}, R.~J. and {Carroll}, P. and {de Oliveira-Costa}, A. and 
	{Dillon}, J.~S. and {Ewall-Wice}, A. and {Feng}, L. and {Greenhill}, L.~J. and 
	{Hazelton}, B.~J. and {Hewitt}, J.~N. and {Hurley-Walker}, N. and 
	{Johnston-Hollitt}, M. and {Jacobs}, D.~C. and {Kaplan}, D.~L. and 
	{Kim}, H.~S. and {Lenc}, E. and {Line}, J. and {Loeb}, A. and 
	{Lonsdale}, C.~J. and {Morales}, M.~F. and {Morgan}, E. and 
	{Neben}, A.~R. and {Thyagarajan}, N. and {Oberoi}, D. and {Offringa}, A.~R. and 
	{Ord}, S.~M. and {Paul}, S. and {Pober}, J.~C. and {Prabu}, T. and 
	{Riding}, J. and {Udaya Shankar}, N. and {Sethi}, S.~K. and 
	{Srivani}, K.~S. and {Subrahmanyan}, R. and {Sullivan}, I.~S. and 
	{Tegmark}, M. and {Webster}, R.~L. and {Williams}, A. and {Williams}, C.~L. and 
	{Wu}, C. and {Wyithe}, J.~S.~B.},
    title = "{CHIPS: The Cosmological H{\nbsp}i{\nbsp}Power Spectrum Estimator}",
  journal = {\apj},
archivePrefix = "arXiv",
   eprint = {1601.02073},
 primaryClass = "astro-ph.IM",
 keywords = {Astronomical instrumentation, methods and techniques, early universe, methods: statistical, techniques: interferometric},
     year = 2016,
    month = feb,
   volume = 818,
      eid = {139},
    pages = {139},
      doi = {10.3847/0004-637X/818/2/139},
   adsurl = {http://adsabs.harvard.edu/abs/2016ApJ...818..139T},
  adsnote = {Provided by the SAO/NASA Astrophysics Data System}
}

@ARTICLE{van_haarlem_et_al_2013,
   author = {{van Haarlem}, M.~P. and {Wise}, M.~W. and {Gunst}, A.~W. and 
	{Heald}, G. and {McKean}, J.~P. and {Hessels}, J.~W.~T. and 
	{de Bruyn}, A.~G. and {Nijboer}, R. and {Swinbank}, J. and {Fallows}, R. and 
	{Brentjens}, M. and {Nelles}, A. and {Beck}, R. and {Falcke}, H. and 
	{Fender}, R. and {H{\"o}randel}, J. and {Koopmans}, L.~V.~E. and 
	{Mann}, G. and {Miley}, G. and {R{\"o}ttgering}, H. and {Stappers}, B.~W. and 
	{Wijers}, R.~A.~M.~J. and {Zaroubi}, S. and {van den Akker}, M. and 
	{Alexov}, A. and {Anderson}, J. and {Anderson}, K. and {van Ardenne}, A. and 
	{Arts}, M. and {Asgekar}, A. and {Avruch}, I.~M. and {Batejat}, F. and 
	{B{\"a}hren}, L. and {Bell}, M.~E. and {Bell}, M.~R. and {van Bemmel}, I. and 
	{Bennema}, P. and {Bentum}, M.~J. and {Bernardi}, G. and {Best}, P. and 
	{B{\^i}rzan}, L. and {Bonafede}, A. and {Boonstra}, A.-J. and 
	{Braun}, R. and {Bregman}, J. and {Breitling}, F. and {van de Brink}, R.~H. and 
	{Broderick}, J. and {Broekema}, P.~C. and {Brouw}, W.~N. and 
	{Br{\"u}ggen}, M. and {Butcher}, H.~R. and {van Cappellen}, W. and 
	{Ciardi}, B. and {Coenen}, T. and {Conway}, J. and {Coolen}, A. and 
	{Corstanje}, A. and {Damstra}, S. and {Davies}, O. and {Deller}, A.~T. and 
	{Dettmar}, R.-J. and {van Diepen}, G. and {Dijkstra}, K. and 
	{Donker}, P. and {Doorduin}, A. and {Dromer}, J. and {Drost}, M. and 
	{van Duin}, A. and {Eisl{\"o}ffel}, J. and {van Enst}, J. and 
	{Ferrari}, C. and {Frieswijk}, W. and {Gankema}, H. and {Garrett}, M.~A. and 
	{de Gasparin}, F. and {Gerbers}, M. and {de Geus}, E. and {Grie{\ss}meier}, J.-M. and 
	{Grit}, T. and {Gruppen}, P. and {Hamaker}, J.~P. and {Hassall}, T. and 
	{Hoeft}, M. and {Holties}, H.~A. and {Horneffer}, A. and {van der Horst}, A. and 
	{van Houwelingen}, A. and {Huijgen}, A. and {Iacobelli}, M. and 
	{Intema}, H. and {Jackson}, N. and {Jelic}, V. and {de Jong}, A. and 
	{Kant}, D. and {Karastergiou}, A. and {Koers}, A. and {Kollen}, H. and 
	{Kondratiev}, V.~I. and {Kooistra}, E. and {Koopman}, Y. and 
	{Koster}, A. and {Kuniyoshi}, M. and {Kramer}, M. and {Kuper}, G. and 
	{Lambropoulos}, P. and {Law}, C. and {van Leeuwen}, J. and {Lemaitre}, J. and 
	{Loose}, M. and {Maat}, P. and {Macario}, G. and {Markoff}, S. and 
	{Masters}, J. and {McFadden}, R.~A. and {McKay-Bukowski}, D. and 
	{Meijering}, H. and {Meulman}, H. and {Mevius}, M. and {Millenaar}, R. and 
	{Miller-Jones}, J.~C.~A. and {Mohan}, R.~N. and {Mol}, J.~D. and 
	{Morawietz}, J. and {Morganti}, R. and {Mulcahy}, D.~D. and 
	{Mulder}, E. and {Munk}, H. and {Nieuwenhuis}, L. and {van Nieuwpoort}, R. and 
	{Noordam}, J.~E. and {Norden}, M. and {Noutsos}, A. and {Offringa}, A.~R. and 
	{Olofsson}, H. and {Omar}, A. and {Orr{\'u}}, E. and {Overeem}, R. and 
	{Paas}, H. and {Pandey-Pommier}, M. and {Pandey}, V.~N. and 
	{Pizzo}, R. and {Polatidis}, A. and {Rafferty}, D. and {Rawlings}, S. and 
	{Reich}, W. and {de Reijer}, J.-P. and {Reitsma}, J. and {Renting}, G.~A. and 
	{Riemers}, P. and {Rol}, E. and {Romein}, J.~W. and {Roosjen}, J. and 
	{Ruiter}, M. and {Scaife}, A. and {van der Schaaf}, K. and {Scheers}, B. and 
	{Schellart}, P. and {Schoenmakers}, A. and {Schoonderbeek}, G. and 
	{Serylak}, M. and {Shulevski}, A. and {Sluman}, J. and {Smirnov}, O. and 
	{Sobey}, C. and {Spreeuw}, H. and {Steinmetz}, M. and {Sterks}, C.~G.~M. and 
	{Stiepel}, H.-J. and {Stuurwold}, K. and {Tagger}, M. and {Tang}, Y. and 
	{Tasse}, C. and {Thomas}, I. and {Thoudam}, S. and {Toribio}, M.~C. and 
	{van der Tol}, B. and {Usov}, O. and {van Veelen}, M. and {van der Veen}, A.-J. and 
	{ter Veen}, S. and {Verbiest}, J.~P.~W. and {Vermeulen}, R. and 
	{Vermaas}, N. and {Vocks}, C. and {Vogt}, C. and {de Vos}, M. and 
	{van der Wal}, E. and {van Weeren}, R. and {Weggemans}, H. and 
	{Weltevrede}, P. and {White}, S. and {Wijnholds}, S.~J. and 
	{Wilhelmsson}, T. and {Wucknitz}, O. and {Yatawatta}, S. and 
	{Zarka}, P. and {Zensus}, A. and {van Zwieten}, J.},
    title = "{LOFAR: The LOw-Frequency ARray}",
  journal = {\aap},
 keywords = {instrumentation: interferometers, radio continuum: general, radio lines: general, dark ages, reionization, first stars, telescopes},
     year = 2013,
    month = aug,
   volume = 556,
      eid = {A2},
    pages = {A2},
      doi = {10.1051/0004-6361/201220873},
   adsurl = {http://adsabs.harvard.edu/abs/2013A%26A...556A...2V},
  adsnote = {Provided by the SAO/NASA Astrophysics Data System}
}

@ARTICLE{vedantham_et_al_2012,
   author = {{Vedantham}, H. and {Udaya Shankar}, N. and {Subrahmanyan}, R.
	},
    title = "{Imaging the Epoch of Reionization: Limitations from Foreground Confusion and Imaging Algorithms}",
  journal = {\apj},
archivePrefix = "arXiv",
   eprint = {1106.1297},
 primaryClass = "astro-ph.IM",
 keywords = {cosmology: observations, methods: analytical, methods: data analysis, techniques: interferometric},
     year = 2012,
    month = feb,
   volume = 745,
      eid = {176},
    pages = {176},
      doi = {10.1088/0004-637X/745/2/176},
   adsurl = {http://adsabs.harvard.edu/abs/2012ApJ...745..176V},
  adsnote = {Provided by the SAO/NASA Astrophysics Data System}
}

@ARTICLE{vrbanec_et_al_2016,
   author = {{Vrbanec}, D. and {Ciardi}, B. and {Jeli{\'c}}, V. and {Jensen}, H. and 
	{Zaroubi}, S. and {Fernandez}, E.~R. and {Ghosh}, A. and {Iliev}, I.~T. and 
	{Kakiichi}, K. and {Koopmans}, L.~V.~E. and {Mellema}, G.},
    title = "{Predictions for the 21 cm-galaxy cross-power spectrum observable with LOFAR and Subaru}",
  journal = {\mnras},
archivePrefix = "arXiv",
   eprint = {1509.03464},
 keywords = {galaxies: high-redshift, intergalactic medium, cosmology: observations},
     year = 2016,
    month = mar,
   volume = 457,
    pages = {666-675},
      doi = {10.1093/mnras/stv2993},
   adsurl = {http://adsabs.harvard.edu/abs/2016MNRAS.457..666V},
  adsnote = {Provided by the SAO/NASA Astrophysics Data System}
}

@ARTICLE{wang_et_al_2013,
   author = {{Wang}, J. and {Xu}, H. and {An}, T. and {Gu}, J. and {Guo}, X. and 
	{Li}, W. and {Wang}, Y. and {Liu}, C. and {Martineau-Huynh}, O. and 
	{Wu}, X.-P.},
    title = "{Exploring the Cosmic Reionization Epoch in Frequency Space: An Improved Approach to Remove the Foreground in 21 cm Tomography}",
  journal = {\apj},
archivePrefix = "arXiv",
   eprint = {1211.6450},
 primaryClass = "astro-ph.CO",
 keywords = {cosmology: theory, dark ages, reionization, first stars, early universe, methods: data analysis, methods: statistical, radio lines: general},
     year = 2013,
    month = feb,
   volume = 763,
      eid = {90},
    pages = {90},
      doi = {10.1088/0004-637X/763/2/90},
   adsurl = {http://adsabs.harvard.edu/abs/2013ApJ...763...90W},
  adsnote = {Provided by the SAO/NASA Astrophysics Data System}
}

@ARTICLE{wayth_et_al_2015,
   author = {{Wayth}, R.~B. and {Lenc}, E. and {Bell}, M.~E. and {Callingham}, J.~R. and 
	{Dwarakanath}, K.~S. and {Franzen}, T.~M.~O. and {For}, B.-Q. and 
	{Gaensler}, B. and {Hancock}, P. and {Hindson}, L. and {Hurley-Walker}, N. and 
	{Jackson}, C.~A. and {Johnston-Hollitt}, M. and {Kapi{\'n}ska}, A.~D. and 
	{McKinley}, B. and {Morgan}, J. and {Offringa}, A.~R. and {Procopio}, P. and 
	{Staveley-Smith}, L. and {Wu}, C. and {Zheng}, Q. and {Trott}, C.~M. and 
	{Bernardi}, G. and {Bowman}, J.~D. and {Briggs}, F. and {Cappallo}, R.~J. and 
	{Corey}, B.~E. and {Deshpande}, A.~A. and {Emrich}, D. and {Goeke}, R. and 
	{Greenhill}, L.~J. and {Hazelton}, B.~J. and {Kaplan}, D.~L. and 
	{Kasper}, J.~C. and {Kratzenberg}, E. and {Lonsdale}, C.~J. and 
	{Lynch}, M.~J. and {McWhirter}, S.~R. and {Mitchell}, D.~A. and 
	{Morales}, M.~F. and {Morgan}, E. and {Oberoi}, D. and {Ord}, S.~M. and 
	{Prabu}, T. and {Rogers}, A.~E.~E. and {Roshi}, A. and {Shankar}, N.~U. and 
	{Srivani}, K.~S. and {Subrahmanyan}, R. and {Tingay}, S.~J. and 
	{Waterson}, M. and {Webster}, R.~L. and {Whitney}, A.~R. and 
	{Williams}, A. and {Williams}, C.~L.},
    title = "{GLEAM: The GaLactic and Extragalactic All-Sky MWA Survey}",
  journal = {PASA},
archivePrefix = "arXiv",
   eprint = {1505.06041},
 primaryClass = "astro-ph.IM",
 keywords = {Galaxy: general, radio continuum: general, radio lines: general, surveys},
     year = 2015,
    month = jun,
   volume = 32,
      eid = {e025},
    pages = {25},
      doi = {10.1017/pasa.2015.26},
   adsurl = {http://adsabs.harvard.edu/abs/2015PASA...32...25W},
  adsnote = {Provided by the SAO/NASA Astrophysics Data System}
}

@ARTICLE{williams_et_al_2012,
   author = {{Williams}, C.~L. and {Hewitt}, J.~N. and {Levine}, A.~M. and 
	{de Oliveira-Costa}, A. and {Bowman}, J.~D. and {Briggs}, F.~H. and 
	{Gaensler}, B.~M. and {Hernquist}, L.~L. and {Mitchell}, D.~A. and 
	{Morales}, M.~F. and {Sethi}, S.~K. and {Subrahmanyan}, R. and 
	{Sadler}, E.~M. and {Arcus}, W. and {Barnes}, D.~G. and {Bernardi}, G. and 
	{Bunton}, J.~D. and {Cappallo}, R.~C. and {Crosse}, B.~W. and 
	{Corey}, B.~E. and {Deshpande}, A. and {deSouza}, L. and {Emrich}, D. and 
	{Goeke}, R.~F. and {Greenhill}, L.~J. and {Hazelton}, B.~J. and 
	{Herne}, D. and {Kaplan}, D.~L. and {Kasper}, J.~C. and {Kincaid}, B.~B. and 
	{Koenig}, R. and {Kratzenberg}, E. and {Lonsdale}, C.~J. and 
	{Lynch}, M.~J. and {McWhirter}, S.~R. and {Morgan}, E.~H. and 
	{Oberoi}, D. and {Ord}, S.~M. and {Pathikulangara}, J. and {Prabu}, T. and 
	{Remillard}, R.~A. and {Rogers}, A.~E.~E. and {Anish Roshi}, D. and 
	{Salah}, J.~E. and {Sault}, R.~J. and {Udaya Shankar}, N. and 
	{Srivani}, K.~S. and {Stevens}, J.~B. and {Tingay}, S.~J. and 
	{Wayth}, R.~B. and {Waterson}, M. and {Webster}, R.~L. and {Whitney}, A.~R. and 
	{Williams}, A.~J. and {Wyithe}, J.~S.~B.},
    title = "{Low-frequency Imaging of Fields at High Galactic Latitude with the Murchison Widefield Array 32 Element Prototype}",
  journal = {\apj},
archivePrefix = "arXiv",
   eprint = {1203.5790},
 primaryClass = "astro-ph.CO",
 keywords = {dark ages, reionization, first stars, instrumentation: interferometers, methods: data analysis, surveys},
     year = 2012,
    month = aug,
   volume = 755,
      eid = {47},
    pages = {47},
      doi = {10.1088/0004-637X/755/1/47},
   adsurl = {http://adsabs.harvard.edu/abs/2012ApJ...755...47W},
  adsnote = {Provided by the SAO/NASA Astrophysics Data System}
}

@ARTICLE{wyithe_et_al_2007,
   author = {{Wyithe}, J.~S.~B. and {Loeb}, A. and {Schmidt}, B.~P.},
    title = "{The correlation between star formation and 21-cm emission during the reionization epoch}",
  journal = {\mnras},
archivePrefix = "arXiv",
   eprint = {0705.1825},
 keywords = {galaxies: high-redshift, intergalactic medium, cosmology: theory, diffuse radiation, large-scale structure of Universe},
     year = 2007,
    month = sep,
   volume = 380,
    pages = {1087-1097},
      doi = {10.1111/j.1365-2966.2007.12149.x},
   adsurl = {http://adsabs.harvard.edu/abs/2007MNRAS.380.1087W},
  adsnote = {Provided by the SAO/NASA Astrophysics Data System}
}

@ARTICLE{yatawatta_et_al_2013,
   author = {{Yatawatta}, S. and {de Bruyn}, A.~G. and {Brentjens}, M.~A. and 
	{Labropoulos}, P. and {Pandey}, V.~N. and {Kazemi}, S. and {Zaroubi}, S. and 
	{Koopmans}, L.~V.~E. and {Offringa}, A.~R. and {Jeli{\'c}}, V. and 
	{Martinez Rubi}, O. and {Veligatla}, V. and {Wijnholds}, S.~J. and 
	{Brouw}, W.~N. and {Bernardi}, G. and {Ciardi}, B. and {Daiboo}, S. and 
	{Harker}, G. and {Mellema}, G. and {Schaye}, J. and {Thomas}, R. and 
	{Vedantham}, H. and {Chapman}, E. and {Abdalla}, F.~B. and {Alexov}, A. and 
	{Anderson}, J. and {Avruch}, I.~M. and {Batejat}, F. and {Bell}, M.~E. and 
	{Bell}, M.~R. and {Bentum}, M. and {Best}, P. and {Bonafede}, A. and 
	{Bregman}, J. and {Breitling}, F. and {van de Brink}, R.~H. and 
	{Broderick}, J.~W. and {Br{\"u}ggen}, M. and {Conway}, J. and 
	{de Gasperin}, F. and {de Geus}, E. and {Duscha}, S. and {Falcke}, H. and 
	{Fallows}, R.~A. and {Ferrari}, C. and {Frieswijk}, W. and {Garrett}, M.~A. and 
	{Griessmeier}, J.~M. and {Gunst}, A.~W. and {Hassall}, T.~E. and 
	{Hessels}, J.~W.~T. and {Hoeft}, M. and {Iacobelli}, M. and 
	{Juette}, E. and {Karastergiou}, A. and {Kondratiev}, V.~I. and 
	{Kramer}, M. and {Kuniyoshi}, M. and {Kuper}, G. and {van Leeuwen}, J. and 
	{Maat}, P. and {Mann}, G. and {McKean}, J.~P. and {Mevius}, M. and 
	{Mol}, J.~D. and {Munk}, H. and {Nijboer}, R. and {Noordam}, J.~E. and 
	{Norden}, M.~J. and {Orru}, E. and {Paas}, H. and {Pandey-Pommier}, M. and 
	{Pizzo}, R. and {Polatidis}, A.~G. and {Reich}, W. and {R{\"o}ttgering}, H.~J.~A. and 
	{Sluman}, J. and {Smirnov}, O. and {Stappers}, B. and {Steinmetz}, M. and 
	{Tagger}, M. and {Tang}, Y. and {Tasse}, C. and {ter Veen}, S. and 
	{Vermeulen}, R. and {van Weeren}, R.~J. and {Wise}, M. and {Wucknitz}, O. and 
	{Zarka}, P.},
    title = "{Initial deep LOFAR observations of epoch of reionization windows. I. The north celestial pole}",
  journal = {\aap},
archivePrefix = "arXiv",
   eprint = {1301.1630},
 primaryClass = "astro-ph.IM",
 keywords = {dark ages, reionization, first stars, instrumentation: interferometers, techniques: interferometric, methods: data analysis},
     year = 2013,
    month = feb,
   volume = 550,
      eid = {A136},
    pages = {A136},
      doi = {10.1051/0004-6361/201220874},
   adsurl = {http://adsabs.harvard.edu/abs/2013A%26A...550A.136Y},
  adsnote = {Provided by the SAO/NASA Astrophysics Data System}
}

@ARTICLE{yatawatta_2013,
   author = {{Yatawatta}, S.},
    title = "{Estimation of radio interferometer beam shapes using Riemannian optimization}",
  journal = {Experimental Astronomy},
archivePrefix = "arXiv",
   eprint = {1209.4236},
 primaryClass = "astro-ph.IM",
 keywords = {Radio interferometry, Manifold optimization, Array processing},
     year = 2013,
    month = apr,
   volume = 35,
    pages = {469-487},
      doi = {10.1007/s10686-012-9318-x},
   adsurl = {http://adsabs.harvard.edu/abs/2013ExA....35..469Y},
  adsnote = {Provided by the SAO/NASA Astrophysics Data System}
}

@ARTICLE{yoo_and_desjacques_2013,
   author = {{Yoo}, J. and {Desjacques}, V.},
    title = "{All-sky analysis of the general relativistic galaxy power spectrum}",
  journal = {\prd},
archivePrefix = "arXiv",
   eprint = {1301.4501},
 keywords = {Cosmology, Galaxy groups clusters and superclusters, large scale structure of the Universe, Mathematical and relativistic aspects of cosmology, Distances redshifts radial velocities, spatial distribution of galaxies},
     year = 2013,
    month = jul,
   volume = 88,
   number = 2,
      eid = {023502},
    pages = {023502},
      doi = {10.1103/PhysRevD.88.023502},
   adsurl = {http://adsabs.harvard.edu/abs/2013PhRvD..88b3502Y},
  adsnote = {Provided by the SAO/NASA Astrophysics Data System}
}

@INPROCEEDINGS{zaroubi_2013,
   author = {{Zaroubi}, S.},
    title = "{The Epoch of Reionization}",
 keywords = {Physics},
booktitle = {Astrophysics and Space Science Library},
     year = 2013,
   series = {Astrophysics and Space Science Library},
   volume = 396,
archivePrefix = "arXiv",
   eprint = {1206.0267},
 primaryClass = "astro-ph.CO",
   editor = {{Wiklind}, T. and {Mobasher}, B. and {Bromm}, V.},
    pages = {45},
      doi = {10.1007/978-3-642-32362-1_2},
   adsurl = {http://adsabs.harvard.edu/abs/2013ASSL..396...45Z},
  adsnote = {Provided by the SAO/NASA Astrophysics Data System}
}

@ARTICLE{zeldovich_1970,
   author = {{Zel'dovich}, Y.~B.},
    title = "{Gravitational instability: An approximate theory for large density perturbations.}",
  journal = {\aap},
     year = 1970,
    month = mar,
   volume = 5,
    pages = {84-89},
   adsurl = {http://adsabs.harvard.edu/abs/1970A%26A.....5...84Z},
  adsnote = {Provided by the SAO/NASA Astrophysics Data System}
}

@ARTICLE{zheng_et_al_2012,
   author = {{Zheng}, Q. and {Wu}, X.-P. and {Gu}, J.-H. and {Wang}, J. and 
	{Xu}, H.},
    title = "{A Method to Extract the Angular Power Spectrum of the Epoch of Reionization from Low-frequency Radio Interferometers}",
  journal = {\apjl},
archivePrefix = "arXiv",
   eprint = {1209.2750},
 primaryClass = "astro-ph.CO",
 keywords = {cosmology: theory, diffuse radiation, intergalactic medium, methods: data analysis, techniques: interferometric},
     year = 2012,
    month = oct,
   volume = 758,
      eid = {L24},
    pages = {L24},
      doi = {10.1088/2041-8205/758/1/L24},
   adsurl = {http://adsabs.harvard.edu/abs/2012ApJ...758L..24Z},
  adsnote = {Provided by the SAO/NASA Astrophysics Data System}
}

@ARTICLE{zheng_et_al_2014,
   author = {{Zheng}, H. and {Tegmark}, M. and {Buza}, V. and {Dillon}, J.~S. and 
	{Gharibyan}, H. and {Hickish}, J. and {Kunz}, E. and {Liu}, A. and 
	{Losh}, J. and {Lutomirski}, A. and {Morrison}, S. and {Narayanan}, S. and 
	{Perko}, A. and {Rosner}, D. and {Sanchez}, N. and {Schutz}, K. and 
	{Tribiano}, S.~M. and {Valdez}, M. and {Yang}, H. and {Adami}, K.~Z. and 
	{Zelko}, I. and {Zheng}, K. and {Armstrong}, R.~P. and {Bradley}, R.~F. and 
	{Dexter}, M.~R. and {Ewall-Wice}, A. and {Magro}, A. and {Matejek}, M. and 
	{Morgan}, E. and {Neben}, A.~R. and {Pan}, Q. and {Penna}, R.~F. and 
	{Peterson}, C.~M. and {Su}, M. and {Villasenor}, J. and {Williams}, C.~L. and 
	{Zhu}, Y.},
    title = "{MITEoR: a scalable interferometer for precision 21 cm cosmology}",
  journal = {\mnras},
archivePrefix = "arXiv",
   eprint = {1405.5527},
 primaryClass = "astro-ph.IM",
 keywords = {instrumentation: interferometers, methods: data analysis, techniques: interferometric, cosmology: observations, dark ages, reionization, first stars},
     year = 2014,
    month = dec,
   volume = 445,
    pages = {1084-1103},
      doi = {10.1093/mnras/stu1773},
   adsurl = {http://adsabs.harvard.edu/abs/2014MNRAS.445.1084Z},
  adsnote = {Provided by the SAO/NASA Astrophysics Data System}
}
